event_id,time,price,quantity,side
11324445044,1633060957530,9990.0,53.2016,a
11324330827,1633060703515,8086.55,8.0,a
11324319666,1633060676513,7836.55,6.0661,a
11324316982,1633060661513,7586.55,6.0,a
11324312854,1633060644512,7336.55,5.0,a
11324310663,1633060630511,7086.55,4.0,a
11324427241,1633060923525,6350.0,0.679,a
11324419028,1633060906525,5000.0,1304.23116,a
11324447034,1633060962528,4372.72,10.49404,a
11324314919,1633060653512,4366.55,0.0087,a
11324315097,1633060654513,4365.66,0.0073,a
11324358911,1633060786519,4316.57,0.0049,a
11324429992,1633060930527,4302.65,0.0025,a
11324333056,1633060712516,4217.83,0.0179,a
11324295494,1633060579509,4200.0,903.96262,a
11324315892,1633060657513,4156.46,0.0061,a
11324333056,1633060712516,4144.92,0.0184,a
11324316414,1633060658512,4125.03,0.0122,a
11324333179,1633060713515,4077.62,0.0186,a
11324315892,1633060657513,4008.92,0.0502,a
11324391102,1633060854523,4000.0,2761.4466,a
11324423424,1633060918526,3888.0,36.7583,a
11324318629,1633060672514,3868.0,1.8696,a
11324315227,1633060655513,3859.3,0.0082,a
11324427652,1633060924527,3800.0,700.7055,a
11324372150,1633060821521,3720.0,21.4601,a
11324448466,1633060968527,3705.0,4.8472,a
11324385845,1633060848523,3700.0,419.846,a
11324411468,1633060892525,3601.22,0.0303,a
11324339351,1633060751517,3600.0,1158.5959,a
11324334125,1633060717515,3562.54,0.0136,a
11324409581,1633060889525,3530.0,36.4786,a
11324355807,1633060777519,3509.85,0.0288,a
11324333616,1633060715517,3506.76,0.0142,a
11324449459,1633060971527,3500.0,1261.5273,a
11324321658,1633060683514,3450.0,2041.107,a
11324451932,1633060979528,3433.7,0.2411,a
11324447034,1633060962528,3412.23,0.0071,a
11324319202,1633060674514,3395.0,137.0465,a
11324358659,1633060784519,3345.0,129.1431,a
11324315892,1633060657513,3343.01,0.0033,a
11324468274,1633061002529,3339.0,0.4896,a
11324295201,1633060578510,3300.0,882.5881,a
11324323537,1633060692514,3289.0,17.8635,a
11324466164,1633060998529,3269.06,0.0031,a
11324372892,1633060824521,3265.0,32.5737,a
11324366583,1633060805520,3250.0,290.0318,a
11324407339,1633060884525,3206.88,0.1715,a
11324334401,1633060718515,3206.02,0.0057,a
11324379610,1633060835523,3200.79,0.0406,a
11324441555,1633060953527,3200.0,1944.8719,a
11324448763,1633060970528,3177.89,0.061,a
11324418326,1633060904526,3170.0,189.701,a
11324428511,1633060927526,3160.0,912.9695,a
11324433844,1633060939528,3156.0,8.103,a
11324280098,1633060543508,3154.94,0.0286,a
11324402343,1633060871525,3150.0,1631.3058,a
11324362557,1633060796521,3145.0,74.8688,a
11324375247,1633060829521,3140.0,153.0304,a
11324326884,1633060696514,3115.0,21.2564,a
11324295201,1633060578510,3110.17,0.013,a
11324338963,1633060749517,3104.0,0.9136,a
11324430724,1633060933526,3100.0,1319.6539,a
11324317153,1633060662514,3099.0,79.7191,a
11324416242,1633060901524,3093.0,0.1438,a
11324317675,1633060666513,3089.0,19.9226,a
11324448622,1633060969528,3088.06,0.1537,a
11324282645,1633060549507,3088.0,83.4759,a
11324288688,1633060561509,3087.3,0.049,a
11324368132,1633060810521,3084.37,0.066,a
11324367273,1633060808521,3081.9,0.0642,a
11324420816,1633060912525,3078.0,17.4132,a
11324287132,1633060558509,3075.2,0.83,a
11324301654,1633060608510,3075.0,162.5867,a
11324392288,1633060856522,3070.0,25.3205,a
11324451729,1633060978529,3069.21,0.173,a
11324426882,1633060922527,3065.92,0.0084,a
11324316414,1633060658512,3065.0,16.2146,a
11324358911,1633060786519,3061.73,0.2259,a
11324420112,1633060910525,3061.0,11.1806,a
11324449913,1633060972528,3060.23,0.007,a
11324369187,1633060813521,3060.0,46.7328,a
11324399516,1633060866523,3055.9,0.0112,a
11324430724,1633060933526,3055.0,83.2995,a
11324457445,1633060985529,3052.91,0.0199,a
11324453347,1633060981531,3051.44,0.2245,a
11324421391,1633060913526,3051.36,0.1635,a
11324394254,1633060858522,3051.21,0.0344,a
11324299672,1633060596509,3050.5,1.9062,a
11324389710,1633060852523,3050.07,0.0165,a
11324465030,1633060996528,3050.0,507.5847,a
11324272333,1633060520506,3049.74,3.0333,a
11324333808,1633060716516,3049.06,0.03,a
11324465030,1633060996528,3049.0,49.6478,a
11324368132,1633060810521,3048.95,0.1739,a
11324272732,1633060523506,3047.7,1.06,a
11324397891,1633060863524,3047.24,0.0144,a
11324452148,1633060980528,3047.13,0.0112,a
11324333808,1633060716516,3046.89,0.175,a
11324272333,1633060520506,3046.0,4.4489,a
11324433020,1633060938528,3045.15,0.005,a
11324409877,1633060890525,3045.0,158.9255,a
11324426346,1633060921527,3043.82,0.0125,a
11324451932,1633060979528,3042.81,0.0126,a
11324404000,1633060873524,3042.6,0.005,a
11324394254,1633060858522,3042.57,1.4111,a
11324370137,1633060816521,3042.39,0.035,a
11324269728,1633060511506,3042.34,0.2,a
11324334125,1633060717515,3042.21,0.3174,a
11324371782,1633060820522,3041.59,0.0826,a
11324457445,1633060985529,3041.57,8.3607,a
11324311729,1633060636513,3040.0,65.0708,a
11324448622,1633060969528,3038.99,0.0128,a
11324441555,1633060953527,3038.88,1.0085,a
11324276615,1633060534507,3038.75,0.0073,a
11324379348,1633060834521,3038.59,0.0582,a
11324397009,1633060862524,3038.58,0.0202,a
11324451729,1633060978529,3038.5,0.0248,a
11324394254,1633060858522,3038.26,0.0353,a
11324450617,1633060974528,3037.62,15.9256,a
11324388578,1633060851525,3037.58,0.0095,a
11324411468,1633060892525,3037.5,2.1642,a
11324389710,1633060852523,3037.33,0.0773,a
11324389710,1633060852523,3037.15,0.634,a
11324422347,1633060915526,3037.06,0.009,a
11324446727,1633060961527,3036.95,0.0068,a
11324398658,1633060864524,3036.65,0.0366,a
11324450889,1633060975528,3036.61,0.2895,a
11324386680,1633060850523,3036.2,0.0075,a
11324433844,1633060939528,3036.0,8.1239,a
11324331146,1633060704516,3035.48,0.0299,a
11324432566,1633060937527,3035.3,0.3722,a
11324359093,1633060788519,3035.0,87.1151,a
11324434488,1633060940527,3034.99,0.0165,a
11324296636,1633060581512,3034.97,2.05,a
11324379348,1633060834521,3034.96,0.0068,a
11324371072,1633060818522,3034.81,0.0077,a
11324371072,1633060818522,3034.6,7.8589,a
11324451504,1633060977529,3034.18,0.0168,a
11324291780,1633060566508,3033.75,0.0264,a
11324319453,1633060675514,3033.1,0.64,a
11324323823,1633060693516,3033.0,1.5959,a
11324457043,1633060984530,3032.99,7.5687,a
11324361547,1633060792520,3032.96,4.0075,a
11324338501,1633060745517,3031.73,0.4384,a
11324294098,1633060572508,3031.03,5.4197,a
11324303679,1633060616512,3031.01,5.6172,a
11324406682,1633060883524,3031.0,0.0036,a
11324268747,1633060507505,3030.35,1.7887,a
11324441555,1633060953527,3030.0,276.0577,a
11324460259,1633060989528,3029.99,0.0117,a
11324315097,1633060654513,3029.9,0.05,a
11324446727,1633060961527,3029.89,5.1794,a
11324451349,1633060976528,3029.87,0.0435,a
11324457043,1633060984530,3029.65,0.0072,a
11324378873,1633060833521,3029.5,0.3257,a
11324291095,1633060565508,3029.47,0.1661,a
11324315892,1633060657513,3029.22,0.0669,a
11324408034,1633060885525,3029.0,4.7803,a
11324378188,1633060832523,3028.61,0.0246,a
11324344921,1633060760520,3028.48,0.0102,a
11324363935,1633060800520,3028.06,0.0067,a
11324464471,1633060994530,3028.0,4.5525,a
11324449913,1633060972528,3027.71,6.8955,a
11324394835,1633060859525,3027.5,0.0127,a
11324384429,1633060845523,3027.02,0.0635,a
11324374768,1633060828521,3027.0,20.2719,a
11324464471,1633060994530,3026.79,0.066,a
11324447904,1633060965528,3026.63,0.634,a
11324377077,1633060831524,3026.52,4.9912,a
11324275676,1633060533508,3026.51,0.0046,a
11324459182,1633060987531,3026.48,4.0097,a
11324334125,1633060717515,3026.44,0.0264,a
11324447636,1633060964527,3026.13,0.016,a
11324347777,1633060763518,3026.1,0.634,a
11324450389,1633060973528,3025.85,0.0302,a
11324450889,1633060975528,3025.55,0.0253,a
11324394254,1633060858522,3025.31,0.0048,a
11324390071,1633060853523,3025.28,2.0761,a
11324462753,1633060992530,3025.0,38.0306,a
11324280502,1633060544507,3024.99,0.022,a
11324391102,1633060854523,3024.91,0.0372,a
11324459182,1633060987531,3024.68,0.1662,a
11324457043,1633060984530,3024.65,0.1656,a
11324276615,1633060534507,3024.01,0.019,a
11324406507,1633060882524,3023.61,0.0188,a
11324391428,1633060855522,3023.46,25.9333,a
11324386422,1633060849524,3023.37,25.9399,a
11324386422,1633060849524,3023.28,25.9828,a
11324305477,1633060618511,3023.27,0.0923,a
11324383812,1633060844524,3023.21,10.0398,a
11324383812,1633060844524,3022.56,0.0066,a
11324334125,1633060717515,3022.45,0.0149,a
11324358659,1633060784519,3022.32,6.6717,a
11324418326,1633060904526,3022.2,0.0066,a
11324415385,1633060900525,3022.12,25.9333,a
11324383130,1633060843522,3022.02,25.9333,a
11324297288,1633060583509,3022.0,1.212,a
11324278184,1633060536507,3021.97,0.0188,a
11324435144,1633060941527,3021.8,0.0721,a
11324389710,1633060852523,3021.61,0.6937,a
11324317433,1633060664513,3021.55,0.0098,a
11324445044,1633060957530,3021.35,0.0094,a
11324438527,1633060947527,3021.28,7.2285,a
11324450617,1633060974528,3021.23,0.0339,a
11324379610,1633060835523,3021.01,15.9569,a
11324423252,1633060917526,3021.0,1.7495,a
11324426346,1633060921527,3020.98,25.9333,a
11324372150,1633060821521,3020.89,0.0483,a
11324422347,1633060915526,3020.85,0.01,a
11324431037,1633060934526,3020.8,0.0278,a
11324433844,1633060939528,3020.76,0.0133,a
11324404000,1633060873524,3020.61,0.0504,a
11324395469,1633060860523,3020.59,0.019,a
11324422748,1633060916525,3020.51,0.0034,a
11324383130,1633060843522,3020.49,0.019,a
11324356221,1633060778519,3020.3,0.2564,a
11324445044,1633060957530,3020.23,0.3658,a
11324468274,1633061002529,3020.0,668.2887,a
11324300324,1633060599510,3019.96,0.0047,a
11324291780,1633060566508,3019.74,26.0,a
11324431982,1633060935528,3019.73,0.089,a
11324422347,1633060915526,3019.63,25.9333,a
11324377077,1633060831524,3019.62,0.0552,a
11324426346,1633060921527,3019.6,0.019,a
11324386422,1633060849524,3019.51,0.0084,a
11324457043,1633060984530,3019.43,6.6588,a
11324421828,1633060914525,3019.34,270.4528,a
11324466164,1633060998529,3019.33,7.8787,a
11324374768,1633060828521,3019.29,25.9333,a
11324401632,1633060870524,3019.24,0.019,a
11324389710,1633060852523,3019.19,2.8209,a
11324445044,1633060957530,3019.14,0.7301,a
11324377077,1633060831524,3019.0,1.8655,a
11324389710,1633060852523,3018.97,10.001,a
11324389710,1633060852523,3018.95,0.0067,a
11324464471,1633060994530,3018.93,5.0046,a
11324432245,1633060936527,3018.78,5.7084,a
11324379610,1633060835523,3018.77,0.6996,a
11324395469,1633060860523,3018.68,0.0036,a
11324315892,1633060657513,3018.67,0.2661,a
11324431982,1633060935528,3018.5,30.6839,a
11324432245,1633060936527,3018.49,25.9333,a
11324388578,1633060851525,3018.48,5.9896,a
11324395469,1633060860523,3018.45,0.7254,a
11324401632,1633060870524,3018.41,0.0071,a
11324388578,1633060851525,3018.38,0.0091,a
11324388578,1633060851525,3018.37,3.1879,a
11324388578,1633060851525,3018.34,2.0,a
11324437480,1633060944526,3018.3,0.2617,a
11324392288,1633060856522,3018.29,0.0281,a
11324293896,1633060571510,3018.18,0.0132,a
11324421828,1633060914525,3018.13,0.019,a
11324409991,1633060891524,3018.08,0.1735,a
11324305477,1633060618511,3018.07,51.8666,a
11324366583,1633060805520,3018.05,25.9333,a
11324412270,1633060893524,3018.0,3.6232,a
11324393285,1633060857523,3017.99,2.0,a
11324439684,1633060948527,3017.92,5.3826,a
11324385845,1633060848523,3017.75,0.45,a
11324384429,1633060845523,3017.74,0.1721,a
11324445044,1633060957530,3017.62,0.651,a
11324388578,1633060851525,3017.59,14.1454,a
11324291095,1633060565508,3017.57,0.019,a
11324383130,1633060843522,3017.56,0.0066,a
11324437833,1633060945527,3017.55,0.0043,a
11324426346,1633060921527,3017.54,0.016,a
11324388578,1633060851525,3017.51,2.103,a
11324447904,1633060965528,3017.5,102.8567,a
11324385845,1633060848523,3017.44,6.002,a
11324448092,1633060966529,3017.41,0.0334,a
11324451729,1633060978529,3017.4,0.0211,a
11324390071,1633060853523,3017.36,1.0,a
11324388578,1633060851525,3017.33,3.05,a
11324438527,1633060947527,3017.3,0.008,a
11324422347,1633060915526,3017.28,0.0183,a
11324386422,1633060849524,3017.26,3.6022,a
11324331990,1633060707516,3017.24,15.9925,a
11324390071,1633060853523,3017.21,1.0,a
11324323823,1633060693516,3017.2,0.0335,a
11324397009,1633060862524,3017.16,0.0162,a
11324448622,1633060969528,3017.06,10.03,a
11324388578,1633060851525,3017.03,0.9,a
11324416242,1633060901524,3017.01,0.1493,a
11324445489,1633060958528,3017.0,0.5911,a
11324388578,1633060851525,3016.99,0.3,a
11324389710,1633060852523,3016.98,16.5988,a
11324293896,1633060571510,3016.94,25.9333,a
11324382506,1633060842522,3016.91,5.7096,a
11324289841,1633060563509,3016.88,10.03,a
11324392288,1633060856522,3016.86,2.02,a
11324435144,1633060941527,3016.82,0.004,a
11324287132,1633060558509,3016.81,24.0,a
11324397009,1633060862524,3016.79,0.45,a
11324378873,1633060833521,3016.77,5.5464,a
11324388578,1633060851525,3016.76,2.1334,a
11324268297,1633060506505,3016.74,0.0118,a
11324388578,1633060851525,3016.73,7.3137,a
11324388578,1633060851525,3016.72,2.0,a
11324268747,1633060507505,3016.71,0.0083,a
11324386422,1633060849524,3016.68,0.1988,a
11324391102,1633060854523,3016.67,4.1626,a
11324418326,1633060904526,3016.66,1.2721,a
11324392288,1633060856522,3016.63,2.0,a
11324388578,1633060851525,3016.62,0.0313,a
11324391102,1633060854523,3016.53,2.0,a
11324391428,1633060855522,3016.51,2.02,a
11324385845,1633060848523,3016.5,14.1454,a
11324385845,1633060848523,3016.48,14.1454,a
11324391428,1633060855522,3016.46,1.55,a
11324268920,1633060508506,3016.41,5.722,a
11324320376,1633060682514,3016.4,0.0073,a
11324433020,1633060938528,3016.38,0.0155,a
11324393285,1633060857523,3016.37,16.5988,a
11324401632,1633060870524,3016.36,0.0099,a
11324444178,1633060956529,3016.33,2.2526,a
11324365534,1633060803520,3016.29,0.019,a
11324315892,1633060657513,3016.2,0.0278,a
11324414275,1633060899525,3016.19,2.02,a
11324415385,1633060900525,3016.16,0.694,a
11324414275,1633060899525,3016.15,2.0,a
11324413670,1633060897525,3016.12,0.0668,a
11324459742,1633060988528,3016.1,0.0495,a
11324416242,1633060901524,3016.05,2.0,a
11324396083,1633060861524,3016.04,3.6022,a
11324413866,1633060898525,3016.0,1.5172,a
11324436267,1633060942526,3015.92,0.7819,a
11324445044,1633060957530,3015.89,0.151,a
11324411468,1633060892525,3015.88,26.5988,a
11324408366,1633060886524,3015.87,0.0068,a
11324408366,1633060886524,3015.85,2.02,a
11324414275,1633060899525,3015.83,1.0,a
11324388578,1633060851525,3015.82,2.0115,a
11324386680,1633060850523,3015.81,16.5988,a
11324408582,1633060887524,3015.78,0.0035,a
11324399304,1633060865524,3015.76,0.0127,a
11324391428,1633060855522,3015.72,16.5988,a
11324448763,1633060970528,3015.7,0.0243,a
11324452148,1633060980528,3015.69,0.0166,a
11324416242,1633060901524,3015.68,8.0066,a
11324344921,1633060760520,3015.65,0.0953,a
11324413160,1633060895525,3015.64,2.0,a
11324406067,1633060880524,3015.63,2.0,a
11324394254,1633060858522,3015.55,2.0987,a
11324447636,1633060964527,3015.5,0.0465,a
11324385092,1633060847522,3015.49,1.0,a
11324361274,1633060791522,3015.47,0.0067,a
11324399304,1633060865524,3015.46,0.7293,a
11324399516,1633060866523,3015.42,2.0,a
11324400216,1633060868524,3015.41,0.1235,a
11324343304,1633060759519,3015.4,25.9333,a
11324407339,1633060884525,3015.39,0.0171,a
11324388578,1633060851525,3015.38,5.02,a
11324329648,1633060699514,3015.35,0.019,a
11324385092,1633060847522,3015.34,1.0,a
11324401632,1633060870524,3015.33,14.1454,a
11324384910,1633060846523,3015.32,2.1252,a
11324384429,1633060845523,3015.31,2.0267,a
11324415385,1633060900525,3015.3,14.1898,a
11324404420,1633060874523,3015.24,2.0796,a
11324388578,1633060851525,3015.23,7.8953,a
11324385845,1633060848523,3015.22,1.0553,a
11324467578,1633061001529,3015.2,0.1545,a
11324445489,1633060958528,3015.16,26.0,a
11324412738,1633060894525,3015.15,2.02,a
11324397891,1633060863524,3015.13,2.0,a
11324419722,1633060909525,3015.11,0.1987,a
11324291095,1633060565508,3015.09,4.9892,a
11324388578,1633060851525,3015.08,0.3,a
11324392288,1633060856522,3015.07,1.4844,a
11324391102,1633060854523,3015.04,3.0606,a
11324431982,1633060935528,3015.02,0.3,a
11324394254,1633060858522,3015.01,2.0085,a
11324431982,1633060935528,3015.0,29.4658,a
11324388578,1633060851525,3014.99,2.25,a
11324452148,1633060980528,3014.98,6.0376,a
11324388578,1633060851525,3014.97,1.5,a
11324418611,1633060905525,3014.91,0.0082,a
11324392288,1633060856522,3014.89,0.0036,a
11324385092,1633060847522,3014.87,18.5988,a
11324407339,1633060884525,3014.85,16.5988,a
11324411468,1633060892525,3014.84,2.0866,a
11324418611,1633060905525,3014.82,0.1721,a
11324405713,1633060878524,3014.77,2.0,a
11324448466,1633060968527,3014.7,0.0279,a
11324391102,1633060854523,3014.69,0.0708,a
11324445044,1633060957530,3014.57,28.0186,a
11324383812,1633060844524,3014.55,2.236,a
11324378188,1633060832523,3014.54,3.0,a
11324413402,1633060896525,3014.51,3.5,a
11324455850,1633060983531,3014.49,25.9333,a
11324421391,1633060913526,3014.48,0.3473,a
11324416242,1633060901524,3014.47,6.002,a
11324284582,1633060554508,3014.46,0.019,a
11324385845,1633060848523,3014.45,0.0067,a
11324391428,1633060855522,3014.44,3.2,a
11324279755,1633060540508,3014.41,25.9333,a
11324467578,1633061001529,3014.4,0.0244,a
11324294871,1633060576510,3014.38,5.4115,a
11324413670,1633060897525,3014.37,0.0995,a
11324402878,1633060872524,3014.33,0.2106,a
11324397009,1633060862524,3014.32,6.9999,a
11324395469,1633060860523,3014.29,2.0001,a
11324388578,1633060851525,3014.28,0.6431,a
11324397009,1633060862524,3014.27,4.1937,a
11324429744,1633060929526,3014.26,0.0414,a
11324419408,1633060908526,3014.24,0.1111,a
11324383130,1633060843522,3014.22,0.0098,a
11324281290,1633060545508,3014.21,2.008,a
11324385845,1633060848523,3014.17,0.0447,a
11324409877,1633060890525,3014.14,0.3,a
11324426346,1633060921527,3014.13,14.1454,a
11324426882,1633060922527,3014.1,0.0217,a
11324434488,1633060940527,3014.09,0.3066,a
11324378873,1633060833521,3014.08,0.0176,a
11324301654,1633060608510,3014.07,0.0072,a
11324408034,1633060885525,3014.05,12.0,a
11324385845,1633060848523,3014.02,2.2,a
11324416242,1633060901524,3014.0,0.3036,a
11324389710,1633060852523,3013.99,0.4977,a
11324427241,1633060923525,3013.98,0.0151,a
11324396083,1633060861524,3013.96,0.3,a
11324388578,1633060851525,3013.95,4.693,a
11324394835,1633060859525,3013.94,12.0,a
11324377077,1633060831524,3013.92,2.0,a
11324416242,1633060901524,3013.88,0.2111,a
11324413402,1633060896525,3013.87,1.943,a
11324433020,1633060938528,3013.85,0.0382,a
11324381595,1633060840522,3013.84,7.1647,a
11324402878,1633060872524,3013.82,0.0637,a
11324427951,1633060925526,3013.81,1.0,a
11324397009,1633060862524,3013.78,33.2345,a
11324390071,1633060853523,3013.75,0.0784,a
11324394254,1633060858522,3013.72,0.0423,a
11324397891,1633060863524,3013.7,2.1,a
11324416242,1633060901524,3013.68,1.7456,a
11324416242,1633060901524,3013.67,3.0,a
11324445044,1633060957530,3013.66,24.0,a
11324426346,1633060921527,3013.65,3.0,a
11324422347,1633060915526,3013.63,11.4705,a
11324426346,1633060921527,3013.58,2.1132,a
11324416242,1633060901524,3013.56,0.0432,a
11324422748,1633060916525,3013.55,0.0036,a
11324380223,1633060837522,3013.52,16.6095,a
11324393285,1633060857523,3013.47,0.01,a
11324418326,1633060904526,3013.46,0.73,a
11324388578,1633060851525,3013.44,9.2355,a
11324427241,1633060923525,3013.42,1.0,a
11324422748,1633060916525,3013.41,0.3811,a
11324415385,1633060900525,3013.4,2.1,a
11324430175,1633060931526,3013.39,0.0217,a
11324420532,1633060911525,3013.37,2.0,a
11324432245,1633060936527,3013.36,0.1721,a
11324457043,1633060984530,3013.34,0.0213,a
11324314642,1633060651512,3013.33,8.0,a
11324392288,1633060856522,3013.32,5.065,a
11324443098,1633060955528,3013.3,0.0212,a
11324395469,1633060860523,3013.29,3.0,a
11324377077,1633060831524,3013.28,2.019,a
11324412738,1633060894525,3013.23,6.0,a
11324458454,1633060986531,3013.22,15.9502,a
11324419200,1633060907526,3013.2,0.0193,a
11324409144,1633060888524,3013.19,2.7899,a
11324396083,1633060861524,3013.17,0.0563,a
11324391102,1633060854523,3013.16,0.0066,a
11324418611,1633060905525,3013.15,2.0,a
11324431982,1633060935528,3013.12,0.0187,a
11324401632,1633060870524,3013.11,0.5,a
11324416242,1633060901524,3013.1,2.5,a
11324426346,1633060921527,3013.08,0.3,a
11324398658,1633060864524,3013.07,33.2423,a
11324429744,1633060929526,3013.04,16.2215,a
11324420532,1633060911525,3013.02,2.0,a
11324384910,1633060846523,3013.01,0.0077,a
11324418611,1633060905525,3013.0,0.5342,a
11324406507,1633060882524,3012.99,1.352,a
11324388578,1633060851525,3012.98,3.7069,a
11324459182,1633060987531,3012.97,0.0149,a
11324428273,1633060926527,3012.92,0.0068,a
11324386680,1633060850523,3012.91,1.2589,a
11324421391,1633060913526,3012.89,16.6896,a
11324395469,1633060860523,3012.88,0.0376,a
11324416242,1633060901524,3012.86,0.0996,a
11324384429,1633060845523,3012.84,2.6032,a
11324391428,1633060855522,3012.82,3.3226,a
11324402343,1633060871525,3012.8,2.0,a
11324388578,1633060851525,3012.79,6.0,a
11324388578,1633060851525,3012.77,7.2957,a
11324389710,1633060852523,3012.73,0.205,a
11324421828,1633060914525,3012.71,0.0067,a
11324291095,1633060565508,3012.7,6.002,a
11324421828,1633060914525,3012.69,0.7888,a
11324401632,1633060870524,3012.68,0.0067,a
11324418611,1633060905525,3012.66,16.5988,a
11324407339,1633060884525,3012.65,0.0048,a
11324388578,1633060851525,3012.64,4.215,a
11324415385,1633060900525,3012.63,2.023,a
11324394835,1633060859525,3012.62,2.25,a
11324443098,1633060955528,3012.61,0.0247,a
11324404000,1633060873524,3012.6,33.2449,a
11324291095,1633060565508,3012.59,3.6022,a
11324432245,1633060936527,3012.57,0.2091,a
11324437480,1633060944526,3012.56,0.0072,a
11324374337,1633060827522,3012.55,2.0,a
11324388578,1633060851525,3012.52,1.6,a
11324422347,1633060915526,3012.5,9.1648,a
11324422748,1633060916525,3012.36,4.0,a
11324424125,1633060919526,3012.34,4.4,a
11324419200,1633060907526,3012.33,1.5416,a
11324445044,1633060957530,3012.31,21.6788,a
11324401632,1633060870524,3012.3,0.0034,a
11324423252,1633060917526,3012.29,3.1056,a
11324386422,1633060849524,3012.28,9.2402,a
11324388578,1633060851525,3012.25,0.41,a
11324422748,1633060916525,3012.24,0.005,a
11324386680,1633060850523,3012.23,0.1644,a
11324386680,1633060850523,3012.22,9.1795,a
11324391428,1633060855522,3012.2,0.498,a
11324395469,1633060860523,3012.19,3.1836,a
11324425012,1633060920526,3012.18,0.2424,a
11324391102,1633060854523,3012.17,0.0099,a
11324425012,1633060920526,3012.16,0.015,a
11324457043,1633060984530,3012.15,0.1617,a
11324390071,1633060853523,3012.11,2.123,a
11324291780,1633060566508,3012.1,1.0,a
11324457043,1633060984530,3012.07,0.0341,a
11324414275,1633060899525,3012.06,0.1032,a
11324457043,1633060984530,3012.05,0.0038,a
11324444178,1633060956529,3012.03,0.0103,a
11324431982,1633060935528,3012.02,3.3,a
11324386422,1633060849524,3012.01,2.4229,a
11324438527,1633060947527,3012.0,8.8644,a
11324414275,1633060899525,3011.99,5.2026,a
11324431982,1633060935528,3011.97,0.0246,a
11324395469,1633060860523,3011.96,1.5,a
11324431982,1633060935528,3011.95,14.1491,a
11324432245,1633060936527,3011.94,14.1454,a
11324386422,1633060849524,3011.93,1.5724,a
11324419028,1633060906525,3011.91,0.3,a
11324434488,1633060940527,3011.9,0.0348,a
11324464471,1633060994530,3011.89,51.8666,a
11324388578,1633060851525,3011.88,10.0,a
11324388578,1633060851525,3011.87,4.7977,a
11324414275,1633060899525,3011.83,0.1735,a
11324430527,1633060932527,3011.82,19.5808,a
11324423424,1633060918526,3011.81,16.5988,a
11324435144,1633060941527,3011.8,0.3268,a
11324436267,1633060942526,3011.78,6.407,a
11324391102,1633060854523,3011.77,1.6733,a
11324432245,1633060936527,3011.76,1.5827,a
11324408582,1633060887524,3011.74,0.0059,a
11324423424,1633060918526,3011.7,0.2081,a
11324389710,1633060852523,3011.69,3.1306,a
11324393285,1633060857523,3011.68,3.3,a
11324426346,1633060921527,3011.67,2.0952,a
11324457043,1633060984530,3011.66,0.019,a
11324459182,1633060987531,3011.65,25.9333,a
11324411468,1633060892525,3011.63,3.5,a
11324432245,1633060936527,3011.61,0.0043,a
11324431037,1633060934526,3011.6,0.0068,a
11324400216,1633060868524,3011.59,0.0066,a
11324431982,1633060935528,3011.58,0.0146,a
11324415385,1633060900525,3011.57,5.6582,a
11324395469,1633060860523,3011.54,9.1795,a
11324415385,1633060900525,3011.51,5.6582,a
11324391102,1633060854523,3011.5,7.8754,a
11324445044,1633060957530,3011.48,0.007,a
11324417916,1633060903524,3011.47,0.0037,a
11324420532,1633060911525,3011.42,3.0,a
11324395469,1633060860523,3011.41,0.0074,a
11324409144,1633060888524,3011.39,1.5615,a
11324443098,1633060955528,3011.38,0.0067,a
11324411468,1633060892525,3011.37,0.0036,a
11324393285,1633060857523,3011.35,0.6646,a
11324420532,1633060911525,3011.33,3.2,a
11324432245,1633060936527,3011.32,2.0,a
11324422347,1633060915526,3011.31,2.0,a
11324434488,1633060940527,3011.29,0.1445,a
11324397891,1633060863524,3011.27,9.4596,a
11324411468,1633060892525,3011.25,0.7256,a
11324460958,1633060990530,3011.24,5.3858,a
11324423252,1633060917526,3011.23,3.0592,a
11324411468,1633060892525,3011.22,7.8006,a
11324388578,1633060851525,3011.21,2.6021,a
11324393285,1633060857523,3011.2,0.0048,a
11324392288,1633060856522,3011.19,0.0099,a
11324429744,1633060929526,3011.14,0.0168,a
11324415385,1633060900525,3011.11,9.1795,a
11324404000,1633060873524,3011.09,3.0,a
11324394254,1633060858522,3011.07,5.0,a
11324390071,1633060853523,3011.06,0.83,a
11324404000,1633060873524,3011.05,3.0084,a
11324404000,1633060873524,3011.04,10.2329,a
11324421828,1633060914525,3011.03,12.0,a
11324435144,1633060941527,3011.02,0.0036,a
11324423252,1633060917526,3011.0,0.3,a
11324424125,1633060919526,3010.99,2.0001,a
11324430527,1633060932527,3010.98,2.0001,a
11324421828,1633060914525,3010.96,0.172,a
11324414275,1633060899525,3010.95,1.5,a
11324431982,1633060935528,3010.9,2.0,a
11324434488,1633060940527,3010.88,14.1454,a
11324434488,1633060940527,3010.86,14.1454,a
11324408034,1633060885525,3010.85,2.3444,a
11324433844,1633060939528,3010.83,0.0884,a
11324413866,1633060898525,3010.79,0.6669,a
11324412270,1633060893524,3010.78,7.1747,a
11324443098,1633060955528,3010.72,0.765,a
11324411468,1633060892525,3010.71,7.7302,a
11324426346,1633060921527,3010.66,5.891,a
11324433844,1633060939528,3010.63,2.01,a
11324426346,1633060921527,3010.61,33.2692,a
11324413402,1633060896525,3010.6,0.1032,a
11324431982,1633060935528,3010.59,6.9999,a
11324413670,1633060897525,3010.58,0.6648,a
11324434488,1633060940527,3010.56,2.0,a
11324412270,1633060893524,3010.55,0.5001,a
11324454595,1633060982530,3010.54,0.153,a
11324413402,1633060896525,3010.53,0.2,a
11324447636,1633060964527,3010.52,0.0106,a
11324433844,1633060939528,3010.5,2.0,a
11324426346,1633060921527,3010.49,1.01,a
11324415385,1633060900525,3010.48,0.7633,a
11324431982,1633060935528,3010.46,1.0688,a
11324413160,1633060895525,3010.45,0.6648,a
11324449459,1633060971527,3010.44,0.1721,a
11324433020,1633060938528,3010.43,2.0,a
11324435144,1633060941527,3010.42,1.1486,a
11324460958,1633060990530,3010.41,0.0068,a
11324414275,1633060899525,3010.31,4.1,a
11324441103,1633060952527,3010.28,2.02,a
11324434488,1633060940527,3010.25,2.0,a
11324441863,1633060954527,3010.23,0.6145,a
11324446727,1633060961527,3010.22,0.0045,a
11324438082,1633060946527,3010.2,2.0059,a
11324437163,1633060943528,3010.17,2.01,a
11324459742,1633060988528,3010.15,0.02,a
11324415385,1633060900525,3010.14,1.4145,a
11324445489,1633060958528,3010.1,0.045,a
11324413160,1633060895525,3010.09,0.41,a
11324408366,1633060886524,3010.08,4.2195,a
11324464471,1633060994530,3010.06,0.019,a
11324440105,1633060949528,3010.05,8.9118,a
11324437480,1633060944526,3010.04,2.0,a
11324446727,1633060961527,3010.0,4.2334,a
11324437163,1633060943528,3009.98,4.0,a
11324412270,1633060893524,3009.97,1.8861,a
11324432245,1633060936527,3009.94,3.5,a
11324443098,1633060955528,3009.88,2.1,a
11324418326,1633060904526,3009.87,1.2973,a
11324413160,1633060895525,3009.86,0.83,a
11324416242,1633060901524,3009.83,0.1445,a
11324407339,1633060884525,3009.82,0.53,a
11324444178,1633060956529,3009.79,14.1454,a
11324413866,1633060898525,3009.77,0.6648,a
11324416242,1633060901524,3009.74,9.1795,a
11324437480,1633060944526,3009.73,1.165,a
11324415385,1633060900525,3009.72,5.0,a
11324411468,1633060892525,3009.71,0.6735,a
11324413866,1633060898525,3009.7,0.6648,a
11324454595,1633060982530,3009.69,14.4454,a
11324408034,1633060885525,3009.67,1.4516,a
11324441103,1633060952527,3009.65,16.5988,a
11324454595,1633060982530,3009.64,14.1454,a
11324413866,1633060898525,3009.63,0.6648,a
11324427241,1633060923525,3009.61,2.4,a
11324426882,1633060922527,3009.6,2.37,a
11324438527,1633060947527,3009.59,2.0,a
11324412270,1633060893524,3009.57,0.1662,a
11324426346,1633060921527,3009.56,7.4076,a
11324441863,1633060954527,3009.55,16.5988,a
11324414275,1633060899525,3009.52,0.41,a
11324422347,1633060915526,3009.51,5.6582,a
11324441103,1633060952527,3009.5,0.372,a
11324409877,1633060890525,3009.48,1.4516,a
11324422347,1633060915526,3009.47,5.6582,a
11324416242,1633060901524,3009.45,0.3471,a
11324454595,1633060982530,3009.44,3.0,a
11324420532,1633060911525,3009.41,0.9969,a
11324421391,1633060913526,3009.37,0.0784,a
11324421391,1633060913526,3009.36,9.1795,a
11324412738,1633060894525,3009.35,1.4572,a
11324459182,1633060987531,3009.32,0.019,a
11324437833,1633060945527,3009.31,2.0001,a
11324445044,1633060957530,3009.29,2.5,a
11324432245,1633060936527,3009.28,2.4,a
11324446727,1633060961527,3009.26,0.4142,a
11324415385,1633060900525,3009.25,3.325,a
11324437163,1633060943528,3009.24,2.0,a
11324413402,1633060896525,3009.23,0.5709,a
11324438082,1633060946527,3009.22,0.0166,a
11324400216,1633060868524,3009.18,0.1,a
11324437833,1633060945527,3009.16,2.02,a
11324437833,1633060945527,3009.15,2.5,a
11324415385,1633060900525,3009.13,0.4043,a
11324426346,1633060921527,3009.12,1.4145,a
11324426882,1633060922527,3009.11,2.0,a
11324415385,1633060900525,3009.1,3.1193,a
11324450617,1633060974528,3009.09,0.1078,a
11324433020,1633060938528,3009.07,2.0,a
11324426882,1633060922527,3009.05,3.6864,a
11324443098,1633060955528,3009.03,0.6542,a
11324433020,1633060938528,3009.0,1.0727,a
11324426346,1633060921527,3008.97,2.604,a
11324444178,1633060956529,3008.96,2.0,a
11324426882,1633060922527,3008.95,0.6308,a
11324402343,1633060871525,3008.94,4.13,a
11324416242,1633060901524,3008.93,1.1322,a
11324427951,1633060925526,3008.85,5.0,a
11324413670,1633060897525,3008.84,4.154,a
11324426346,1633060921527,3008.83,3.1942,a
11324434488,1633060940527,3008.79,6.9999,a
11324444178,1633060956529,3008.77,3.0,a
11324417916,1633060903524,3008.73,5.2077,a
11324415385,1633060900525,3008.71,4.9195,a
11324424125,1633060919526,3008.68,2.4,a
11324426882,1633060922527,3008.65,7.4659,a
11324417916,1633060903524,3008.61,4.1,a
11324457043,1633060984530,3008.59,4.9939,a
11324437480,1633060944526,3008.58,2.1,a
11324417073,1633060902525,3008.57,2.1243,a
11324422748,1633060916525,3008.56,8.3174,a
11324453347,1633060981531,3008.48,2.0,a
11324428273,1633060926527,3008.47,0.4825,a
11324447904,1633060965528,3008.46,0.0558,a
11324427241,1633060923525,3008.4,0.6653,a
11324427241,1633060923525,3008.38,4.1,a
11324437480,1633060944526,3008.37,3.6445,a
11324434488,1633060940527,3008.36,1.6765,a
11324457043,1633060984530,3008.35,0.0552,a
11324399788,1633060867525,3008.34,0.4138,a
11324427652,1633060924527,3008.33,0.5592,a
11324434488,1633060940527,3008.32,2.2376,a
11324428957,1633060928527,3008.31,2.9049,a
11324426346,1633060921527,3008.3,1.8,a
11324426882,1633060922527,3008.29,1.6524,a
11324426346,1633060921527,3008.28,0.0056,a
11324427951,1633060925526,3008.27,0.3492,a
11324445044,1633060957530,3008.25,0.0715,a
11324419028,1633060906525,3008.19,3.6659,a
11324428273,1633060926527,3008.17,6.9014,a
11324460259,1633060989528,3008.16,0.02,a
11324445044,1633060957530,3008.15,3.0,a
11324431982,1633060935528,3008.14,1.5,a
11324422748,1633060916525,3008.09,0.7148,a
11324429992,1633060930527,3008.08,2.4,a
11324426882,1633060922527,3008.07,0.2257,a
11324438527,1633060947527,3008.04,0.172,a
11324418611,1633060905525,3008.03,14.7926,a
11324454595,1633060982530,3008.02,0.3156,a
11324457043,1633060984530,3008.01,10.0,a
11324460259,1633060989528,3008.0,5.08,a
11324420816,1633060912525,3007.99,0.726,a
11324435144,1633060941527,3007.98,2.023,a
11324415385,1633060900525,3007.97,1.2955,a
11324454595,1633060982530,3007.96,1.0971,a
11324426346,1633060921527,3007.94,6.0353,a
11324428511,1633060927526,3007.93,0.6653,a
11324443098,1633060955528,3007.87,6.9999,a
11324453347,1633060981531,3007.85,2.0001,a
11324428273,1633060926527,3007.84,0.6653,a
11324447251,1633060963528,3007.72,2.02,a
11324448622,1633060969528,3007.71,2.02,a
11324428957,1633060928527,3007.69,2.535,a
11324429744,1633060929526,3007.68,1.5,a
11324443098,1633060955528,3007.67,1.01,a
11324457445,1633060985529,3007.66,0.1642,a
11324445044,1633060957530,3007.65,2.0,a
11324451932,1633060979528,3007.62,0.0553,a
11324428957,1633060928527,3007.61,5.0,a
11324422347,1633060915526,3007.6,0.2,a
11324443098,1633060955528,3007.59,5.6582,a
11324428511,1633060927526,3007.58,0.7262,a
11324451932,1633060979528,3007.54,2.02,a
11324446271,1633060959528,3007.53,2.02,a
11324457445,1633060985529,3007.52,0.1721,a
11324423424,1633060918526,3007.49,2.9054,a
11324431982,1633060935528,3007.48,0.5951,a
11324429744,1633060929526,3007.47,0.5105,a
11324433844,1633060939528,3007.44,33.2934,a
11324451349,1633060976528,3007.4,16.5988,a
11324454595,1633060982530,3007.38,3.0,a
11324427652,1633060924527,3007.37,1.5,a
11324429992,1633060930527,3007.31,0.6947,a
11324453347,1633060981531,3007.3,2.1,a
11324421391,1633060913526,3007.29,0.1609,a
11324436267,1633060942526,3007.26,0.7658,a
11324421828,1633060914525,3007.25,0.41,a
11324427951,1633060925526,3007.24,0.6654,a
11324439684,1633060948527,3007.23,2.0,a
11324421828,1633060914525,3007.22,3.1206,a
11324450389,1633060973528,3007.2,16.5988,a
11324427652,1633060924527,3007.16,0.1663,a
11324458454,1633060986531,3007.14,0.3572,a
11324429744,1633060929526,3007.11,3.8447,a
11324437480,1633060944526,3007.1,2.0,a
11324445044,1633060957530,3007.08,0.0319,a
11324457043,1633060984530,3007.06,5.9846,a
11324445044,1633060957530,3007.04,4.0,a
11324445044,1633060957530,3007.03,2.0,a
11324431982,1633060935528,3007.02,5.0,a
11324447636,1633060964527,3007.01,4.4,a
11324427652,1633060924527,3007.0,2.3316,a
11324431982,1633060935528,3006.99,3.3256,a
11324448466,1633060968527,3006.98,2.0,a
11324455850,1633060983531,3006.96,3.0,a
11324429744,1633060929526,3006.95,6.3375,a
11324429992,1633060930527,3006.94,4.1,a
11324445044,1633060957530,3006.93,3.05,a
11324457043,1633060984530,3006.91,0.1445,a
11324452148,1633060980528,3006.9,2.2548,a
11324445044,1633060957530,3006.89,2.0,a
11324440105,1633060949528,3006.88,0.7659,a
11324428273,1633060926527,3006.87,1.7548,a
11324448763,1633060970528,3006.84,16.5988,a
11324451729,1633060978529,3006.83,0.2193,a
11324429744,1633060929526,3006.81,7.6728,a
11324454595,1633060982530,3006.77,5.065,a
11324429744,1633060929526,3006.76,0.0658,a
11324430175,1633060931526,3006.74,0.6656,a
11324431037,1633060934526,3006.72,0.4929,a
11324455850,1633060983531,3006.71,2.0,a
11324457043,1633060984530,3006.7,6.002,a
11324422748,1633060916525,3006.63,19.91,a
11324460259,1633060989528,3006.61,1.5,a
11324440335,1633060950527,3006.6,0.6952,a
11324445489,1633060958528,3006.58,0.172,a
11324466164,1633060998529,3006.54,10.001,a
11324430175,1633060931526,3006.53,0.6656,a
11324430724,1633060933526,3006.48,0.6656,a
11324435144,1633060941527,3006.45,0.0784,a
11324462753,1633060992530,3006.42,14.1454,a
11324439684,1633060948527,3006.4,8.6582,a
11324445044,1633060957530,3006.39,0.0998,a
11324430175,1633060931526,3006.37,0.2,a
11324445044,1633060957530,3006.34,2.0,a
11324457043,1633060984530,3006.32,17.1454,a
11324446271,1633060959528,3006.31,0.339,a
11324446271,1633060959528,3006.29,33.3214,a
11324433844,1633060939528,3006.28,8.3225,a
11324433020,1633060938528,3006.27,2.9057,a
11324454595,1633060982530,3006.24,1.9932,a
11324433844,1633060939528,3006.23,4.3837,a
11324437480,1633060944526,3006.22,2.3532,a
11324431037,1633060934526,3006.2,1.6,a
11324443098,1633060955528,3006.16,1.4145,a
11324432566,1633060937527,3006.15,3.3,a
11324454595,1633060982530,3006.14,1.5,a
11324459742,1633060988528,3006.12,0.2874,a
11324437480,1633060944526,3006.11,0.0034,a
11324462753,1633060992530,3006.09,2.0,a
11324455850,1633060983531,3006.08,2.1,a
11324462753,1633060992530,3006.06,3.0,a
11324458454,1633060986531,3006.04,3.6022,a
11324443098,1633060955528,3006.03,2.6068,a
11324457043,1633060984530,3006.02,0.0433,a
11324446727,1633060961527,3006.01,7.1999,a
11324431982,1633060935528,3005.99,0.83,a
11324426346,1633060921527,3005.95,0.5599,b
11324457043,1633060984530,3005.94,2.0,a
11324430724,1633060933526,3005.92,0.0253,a
11324429744,1633060929526,3005.91,0.7263,a
11324444178,1633060956529,3005.9,2.1,a
11324443098,1633060955528,3005.87,2.354,a
11324430527,1633060932527,3005.85,0.6656,a
11324429992,1633060930527,3005.82,1.1314,a
11324457043,1633060984530,3005.81,2.0,a
11324429744,1633060929526,3005.79,1.5,a
11324457043,1633060984530,3005.78,2.0,a
11324459182,1633060987531,3005.76,2.5,a
11324451349,1633060976528,3005.74,2.4,a
11324457445,1633060985529,3005.66,0.523,a
11324461147,1633060991529,3005.65,1.4562,a
11324457445,1633060985529,3005.64,2.1063,a
11324459182,1633060987531,3005.63,1.2475,a
11324431037,1633060934526,3005.61,0.6656,a
11324445044,1633060957530,3005.6,2.01,a
11324436267,1633060942526,3005.57,3.8599,a
11324433020,1633060938528,3005.56,5.3012,a
11324446521,1633060960529,3005.54,3.05,a
11324432245,1633060936527,3005.51,0.83,a
11324437163,1633060943528,3005.49,0.9969,a
11324444178,1633060956529,3005.48,0.15,a
11324444178,1633060956529,3005.46,5.6582,a
11324443098,1633060955528,3005.45,0.1445,a
11324455850,1633060983531,3005.44,1.5,a
11324457043,1633060984530,3005.43,2.0,a
11324444178,1633060956529,3005.39,1.01,a
11324441555,1633060953527,3005.32,8.33,a
11324438527,1633060947527,3005.29,0.1467,a
11324455850,1633060983531,3005.28,5.216,a
11324467578,1633061001529,3005.27,2.02,a
11324463835,1633060993530,3005.26,14.1454,a
11324463835,1633060993530,3005.25,14.1454,a
11324463835,1633060993530,3005.24,2.5,a
11324428273,1633060926527,3005.23,3.5505,b
11324457043,1633060984530,3005.21,2.0,a
11324436267,1633060942526,3005.2,0.83,a
11324446271,1633060959528,3005.19,0.1,a
11324444178,1633060956529,3005.18,8.3277,a
11324441103,1633060952527,3005.14,0.0934,a
11324449459,1633060971527,3005.13,1.3147,a
11324462753,1633060992530,3005.12,0.172,a
11324431037,1633060934526,3005.1,2.0,a
11324439684,1633060948527,3005.09,2.5,a
11324434488,1633060940527,3005.07,2.1198,a
11324468938,1633061003530,3005.06,2.01,a
11324427652,1633060924527,3005.05,1.0852,b
11324439684,1633060948527,3005.03,1.6,a
11324454595,1633060982530,3005.01,2.4,a
11324468938,1633061003530,3005.0,0.0721,a
11324443098,1633060955528,3004.98,0.4767,a
11324455850,1633060983531,3004.94,2.155,a
11324454595,1633060982530,3004.92,0.3298,a
11324468274,1633061002529,3004.9,2.0,a
11324457445,1633060985529,3004.88,0.7421,a
11324462753,1633060992530,3004.87,6.9999,a
11324460259,1633060989528,3004.86,1.5646,a
11324460259,1633060989528,3004.84,2.0,a
11324433020,1633060938528,3004.82,0.0652,a
11324446521,1633060960529,3004.81,0.1771,a
11324437833,1633060945527,3004.79,3.3305,a
11324460259,1633060989528,3004.78,0.0553,a
11324449459,1633060971527,3004.76,0.1032,a
11324465030,1633060996528,3004.73,0.6954,a
11324444178,1633060956529,3004.72,0.6684,a
11324431982,1633060935528,3004.71,0.99,a
11324462753,1633060992530,3004.7,6.9999,a
11324468274,1633061002529,3004.68,2.0,a
11324459182,1633060987531,3004.65,6.0,a
11324470066,1633061005529,3004.64,0.4798,a
11324439684,1633060948527,3004.63,3.0,a
11324443098,1633060955528,3004.59,1.5,a
11324466324,1633060999530,3004.57,16.5988,a
11324462753,1633060992530,3004.56,2.1,a
11324470066,1633061005529,3004.55,2.1,a
11324459742,1633060988528,3004.53,0.5322,a
11324441103,1633060952527,3004.52,0.41,a
11324457043,1633060984530,3004.51,0.3477,a
11324457043,1633060984530,3004.5,3.0,a
11324470066,1633061005529,3004.46,16.5988,a
11324457445,1633060985529,3004.45,0.1997,a
11324438527,1633060947527,3004.42,2.1258,a
11324464715,1633060995528,3004.39,1.0,a
11324454595,1633060982530,3004.35,0.0333,a
11324453347,1633060981531,3004.31,0.9986,a
11324453347,1633060981531,3004.29,6.5593,a
11324459742,1633060988528,3004.27,2.01,a
11324458454,1633060986531,3004.26,6.9999,a
11324454595,1633060982530,3004.24,1.5,a
11324447904,1633060965528,3004.22,3.0,a
11324454595,1633060982530,3004.2,2.6079,a
11324459182,1633060987531,3004.19,2.8249,a
11324463835,1633060993530,3004.18,3.0,a
11324457043,1633060984530,3004.17,2.0,a
11324439684,1633060948527,3004.16,0.666,a
11324460958,1633060990530,3004.15,1.9643,a
11324438082,1633060946527,3004.13,0.7265,a
11324394254,1633060858522,3004.12,33.2247,b
11324454595,1633060982530,3004.09,2.9059,a
11324454595,1633060982530,3004.08,0.0936,a
11324448622,1633060969528,3004.06,2.25,a
11324443098,1633060955528,3004.05,0.4022,a
11324459182,1633060987531,3004.03,2.0,a
11324454595,1633060982530,3004.0,2.424,a
11324441103,1633060952527,3003.99,1.6649,a
11324449459,1633060971527,3003.95,0.2968,a
11324445044,1633060957530,3003.9,0.4994,a
11324445044,1633060957530,3003.88,1.01,a
11324454595,1633060982530,3003.87,0.5282,a
11324459182,1633060987531,3003.85,2.0,a
11324458454,1633060986531,3003.84,2.0,a
11324450889,1633060975528,3003.83,0.8435,a
11324453347,1633060981531,3003.82,0.6663,a
11324441863,1633060954527,3003.81,1.5,a
11324455850,1633060983531,3003.79,0.6675,a
11324458454,1633060986531,3003.78,0.1319,a
11324449913,1633060972528,3003.76,1.5646,a
11324453347,1633060981531,3003.75,3.0,a
11324460259,1633060989528,3003.74,18.0307,a
11324459742,1633060988528,3003.71,9.2815,a
11324443098,1633060955528,3003.69,19.91,a
11324443098,1633060955528,3003.68,9.4798,a
11324464471,1633060994530,3003.66,0.172,a
11324450889,1633060975528,3003.65,14.1795,a
11324453347,1633060981531,3003.64,5.0,a
11324458454,1633060986531,3003.63,4.043,a
11324464471,1633060994530,3003.61,6.9999,a
11324455850,1633060983531,3003.58,9.1795,a
11324462753,1633060992530,3003.53,1.5,a
11324468274,1633061002529,3003.52,3.5,a
11324450389,1633060973528,3003.51,9.1795,a
11324455850,1633060983531,3003.49,1.724,a
11324455850,1633060983531,3003.46,2.9663,a
11324453347,1633060981531,3003.45,4.8548,a
11324447904,1633060965528,3003.43,9.1795,a
11324466708,1633061000530,3003.42,0.364,a
11324462753,1633060992530,3003.37,12.0,a
11324453347,1633060981531,3003.33,3.3,a
11324457043,1633060984530,3003.32,0.4069,a
11324453347,1633060981531,3003.31,3.274,a
11324453347,1633060981531,3003.3,2.6032,a
11324457043,1633060984530,3003.29,7.7554,a
11324457043,1633060984530,3003.28,2.3616,a
11324457043,1633060984530,3003.26,5.6582,a
11324446521,1633060960529,3003.25,0.0229,a
11324459182,1633060987531,3003.24,2.0,a
11324454595,1633060982530,3003.2,19.91,a
11324453347,1633060981531,3003.16,8.5487,a
11324449459,1633060971527,3003.13,0.6954,a
11324454595,1633060982530,3003.12,3.2356,a
11324462753,1633060992530,3003.11,33.3587,a
11324431982,1633060935528,3003.1,6.0,b
11324443098,1633060955528,3003.07,1.3445,a
11324455850,1633060983531,3003.05,1.0458,a
11324470066,1633061005529,3003.04,2.4,a
11324450617,1633060974528,3003.03,0.747,a
11324455850,1633060983531,3003.02,2.4,a
11324443098,1633060955528,3003.01,0.4482,a
11324457445,1633060985529,3003.0,1.0882,a
11324448622,1633060969528,3002.99,11.854,a
11324445044,1633060957530,3002.94,1.4145,a
11324459182,1633060987531,3002.93,3.05,a
11324454595,1633060982530,3002.91,3.5776,a
11324457043,1633060984530,3002.9,3.3587,a
11324457043,1633060984530,3002.89,2.1,a
11324457043,1633060984530,3002.88,2.25,a
11324453347,1633060981531,3002.86,1.766,a
11324451349,1633060976528,3002.85,1.01,a
11324455850,1633060983531,3002.82,1.4145,a
11324457043,1633060984530,3002.81,5.065,a
11324449459,1633060971527,3002.78,0.229,a
11324444178,1633060956529,3002.77,1.5,a
11324457043,1633060984530,3002.73,1.6617,a
11324449459,1633060971527,3002.71,3.4943,a
11324464471,1633060994530,3002.7,3.2,a
11324440603,1633060951527,3002.68,0.5517,b
11324454595,1633060982530,3002.67,1.4985,a
11324455850,1633060983531,3002.65,3.0,a
11324451349,1633060976528,3002.63,3.24,a
11324450889,1633060975528,3002.6,0.6955,a
11324454595,1633060982530,3002.58,0.9144,a
11324450389,1633060973528,3002.57,0.2299,a
11324454595,1633060982530,3002.55,0.6665,a
11324455850,1633060983531,3002.54,1.0078,a
11324464471,1633060994530,3002.53,0.1445,a
11324455850,1633060983531,3002.51,5.0,a
11324459182,1633060987531,3002.5,4.0,a
11324462753,1633060992530,3002.49,5.6582,a
11324454595,1633060982530,3002.39,0.0925,a
11324450889,1633060975528,3002.38,1.6,a
11324455850,1633060983531,3002.37,0.5419,a
11324469401,1633061004529,3002.36,3.3307,a
11324454595,1633060982530,3002.34,3.0,a
11324450617,1633060974528,3002.33,6.6403,a
11324453347,1633060981531,3002.32,1.5,a
11324468938,1633061003530,3002.31,1.5,a
11324469401,1633061004529,3002.27,6.0,a
11324458454,1633060986531,3002.24,0.0034,a
11324462753,1633060992530,3002.18,2.1194,a
11324454595,1633060982530,3002.17,0.6666,a
11324458454,1633060986531,3002.16,5.6582,a
11324458454,1633060986531,3002.13,5.6582,a
11324454595,1633060982530,3002.12,1.0645,a
11324465030,1633060996528,3002.11,0.0659,a
11324462753,1633060992530,3002.09,0.4997,a
11324459182,1633060987531,3002.07,2.976,a
11324449459,1633060971527,3002.04,0.6666,a
11324454595,1633060982530,3001.99,0.6205,a
11324451349,1633060976528,3001.98,2.5876,a
11324459182,1633060987531,3001.95,11.3795,a
11324468938,1633061003530,3001.94,0.4997,a
11324454595,1633060982530,3001.93,2.3712,a
11324449913,1633060972528,3001.92,7.4935,a
11324445044,1633060957530,3001.91,17.7306,a
11324449913,1633060972528,3001.9,0.1666,a
11324451349,1633060976528,3001.89,0.5657,a
11324462753,1633060992530,3001.88,1.5378,a
11324458454,1633060986531,3001.86,0.0063,a
11324462753,1633060992530,3001.84,0.1032,a
11324462753,1633060992530,3001.83,3.0,a
11324457043,1633060984530,3001.79,1.4145,a
11324451349,1633060976528,3001.76,2.4299,a
11324468274,1633061002529,3001.71,0.7672,a
11324454595,1633060982530,3001.68,0.6664,a
11324462753,1633060992530,3001.67,2.4,a
11324459742,1633060988528,3001.63,9.1795,a
11324464715,1633060995528,3001.59,0.7673,a
11324455850,1633060983531,3001.58,0.4942,a
11324467578,1633061001529,3001.54,1.3009,a
11324459182,1633060987531,3001.49,16.6787,a
11324464715,1633060995528,3001.48,8.6582,a
11324462753,1633060992530,3001.46,3.0,a
11324464471,1633060994530,3001.45,5.6582,a
11324450889,1633060975528,3001.42,0.1666,a
11324455850,1633060983531,3001.38,1.5,a
11324447251,1633060963528,3001.36,0.1,a
11324462753,1633060992530,3001.35,9.1795,a
11324463835,1633060993530,3001.34,0.6694,a
11324450889,1633060975528,3001.33,0.8331,a
11324455850,1633060983531,3001.3,0.7529,a
11324453347,1633060981531,3001.28,1.0009,b
11324462753,1633060992530,3001.27,1.7068,a
11324457043,1633060984530,3001.26,0.9996,a
11324450889,1633060975528,3001.25,1.5697,a
11324462753,1633060992530,3001.24,0.0056,a
11324462753,1633060992530,3001.22,4.7121,a
11324460259,1633060989528,3001.17,17.5181,a
11324447636,1633060964527,3001.13,1.5994,a
11324466164,1633060998529,3001.11,9.1795,a
11324455850,1633060983531,3001.1,1.5994,a
11324462753,1633060992530,3001.09,0.4801,a
11324463835,1633060993530,3001.07,9.324,a
11324457445,1633060985529,3001.06,3.3346,a
11324454595,1633060982530,3001.05,3.4261,a
11324466324,1633060999530,3001.03,1.3009,a
11324451349,1633060976528,3000.96,0.1667,a
11324451932,1633060979528,3000.95,10.3734,a
11324462753,1633060992530,3000.93,0.1667,a
11324451349,1633060976528,3000.92,0.7186,a
11324439684,1633060948527,3000.91,0.0667,b
11324467578,1633061001529,3000.9,3.0,a
11324455850,1633060983531,3000.89,1.0671,a
11324468274,1633061002529,3000.86,0.2349,a
11324454595,1633060982530,3000.85,3.7013,b
11324457043,1633060984530,3000.84,4.5567,a
11324455850,1633060983531,3000.83,0.9762,a
11324448622,1633060969528,3000.82,0.8333,a
11324463835,1633060993530,3000.81,0.4956,a
11324451504,1633060977529,3000.8,3.1667,a
11324467578,1633061001529,3000.77,9.1795,a
11324458454,1633060986531,3000.73,1.8345,a
11324463835,1633060993530,3000.71,5.0,a
11324455850,1633060983531,3000.7,3.0,a
11324457043,1633060984530,3000.69,0.1667,a
11324470066,1633061005529,3000.68,2.6083,a
11324455850,1633060983531,3000.67,0.7486,a
11324462753,1633060992530,3000.65,3.1999,a
11324468274,1633061002529,3000.64,25.7677,a
11324455850,1633060983531,3000.63,0.9616,a
11324468274,1633061002529,3000.61,0.0784,a
11324455850,1633060983531,3000.6,1.324,a
11324468938,1633061003530,3000.58,1.6425,a
11324459182,1633060987531,3000.55,2.4193,a
11324460958,1633060990530,3000.54,0.7148,a
11324467578,1633061001529,3000.51,5.0,a
11324468938,1633061003530,3000.48,9.1795,a
11324457043,1633060984530,3000.47,7.2023,a
11324438527,1633060947527,3000.46,0.544,b
11324463835,1633060993530,3000.44,3.336,a
11324463835,1633060993530,3000.41,0.3578,a
11324470066,1633061005529,3000.38,0.1032,a
11324453347,1633060981531,3000.36,0.1666,b
11324470066,1633061005529,3000.35,1.5648,a
11324466164,1633060998529,3000.33,0.0229,a
11324464471,1633060994530,3000.32,0.7148,a
11324467578,1633061001529,3000.25,0.2286,a
11324470066,1633061005529,3000.21,0.4957,a
11324457043,1633060984530,3000.19,0.9451,a
11324470066,1633061005529,3000.18,0.4922,a
11324470066,1633061005529,3000.17,0.6618,a
11324470066,1633061005529,3000.16,0.6955,a
11324468274,1633061002529,3000.07,2.9061,a
11324468274,1633061002529,3000.06,5.5032,a
11324466708,1633061000530,3000.03,0.53,a
11324468274,1633061002529,3000.02,3.0,a
11324459182,1633060987531,3000.01,1.1487,a
11324468274,1633061002529,3000.0,1.8531,a
11324468938,1633061003530,2999.99,0.4668,a
11324470066,1633061005529,2999.98,3.1204,a
11324470066,1633061005529,2999.97,1.3106,a
11324455850,1633060983531,2999.96,0.2041,a
11324463835,1633060993530,2999.95,1.7627,a
11324462753,1633060992530,2999.94,8.9278,a
11324449459,1633060971527,2999.93,1.0,b
11324450389,1633060973528,2999.92,1.6596,b
11324459182,1633060987531,2999.89,4.8358,a
11324470066,1633061005529,2999.88,3.7483,a
11324470066,1633061005529,2999.86,0.5,a
11324468274,1633061002529,2999.83,3.5735,a
11324467578,1633061001529,2999.8,3.0,a
11324468274,1633061002529,2999.79,0.6671,a
11324468274,1633061002529,2999.76,0.3212,a
11324470066,1633061005529,2999.73,0.6671,a
11324466708,1633061000530,2999.72,0.695,a
11324467578,1633061001529,2999.7,3.3518,a
11324459182,1633060987531,2999.69,1.4145,a
11324470066,1633061005529,2999.68,1.0148,a
11324468274,1633061002529,2999.67,0.6671,a
11324457043,1633060984530,2999.64,0.83,a
11324470066,1633061005529,2999.63,10.5131,a
11324463835,1633060993530,2999.62,1.9384,a
11324470066,1633061005529,2999.61,0.5,a
11324457445,1633060985529,2999.59,1.6674,a
11324470066,1633061005529,2999.58,19.91,a
11324470066,1633061005529,2999.55,27.0221,a
11324470066,1633061005529,2999.52,2.2671,a
11324468938,1633061003530,2999.51,0.6672,a
11324467578,1633061001529,2999.5,1.2876,a
11324470066,1633061005529,2999.49,0.0056,a
11324470066,1633061005529,2999.47,2.33,a
11324465030,1633060996528,2999.46,0.1668,a
11324469401,1633061004529,2999.43,4.1,a
11324467578,1633061001529,2999.42,0.3214,a
11324468938,1633061003530,2999.41,0.6672,a
11324458454,1633060986531,2999.39,3.832,a
11324468938,1633061003530,2999.38,7.6,a
11324469401,1633061004529,2999.37,0.6434,a
11324469401,1633061004529,2999.35,0.3,a
11324468938,1633061003530,2999.34,7.6333,a
11324469401,1633061004529,2999.31,2.2085,a
11324470066,1633061005529,2999.26,0.41,a
11324468938,1633061003530,2999.25,0.4799,a
11324468938,1633061003530,2999.24,7.6753,a
11324468938,1633061003530,2999.23,0.5103,a
11324467578,1633061001529,2999.22,0.1,a
11324467578,1633061001529,2999.19,0.6672,a
11324468938,1633061003530,2999.18,2.5019,a
11324468274,1633061002529,2999.17,1.5,a
11324469401,1633061004529,2999.12,1.4531,a
11324468274,1633061002529,2999.11,2.5945,a
11324470066,1633061005529,2999.09,0.4285,a
11324470066,1633061005529,2999.08,6.0,a
11324470066,1633061005529,2999.07,3.6666,a
11324468274,1633061002529,2999.06,1.1023,a
11324469401,1633061004529,2999.04,19.91,a
11324468938,1633061003530,2999.03,0.7265,a
11324463835,1633060993530,2999.01,3.2917,a
11324470066,1633061005529,2999.0,0.0234,a
11324465631,1633060997529,2998.99,0.6673,a
11324470066,1633061005529,2998.98,0.1668,a
11324468274,1633061002529,2998.95,27.9668,a
11324465030,1633060996528,2998.94,10.2902,a
11324470066,1633061005529,2998.93,0.6668,a
11324470066,1633061005529,2998.92,1.4591,a
11324465631,1633060997529,2998.89,0.6673,a
11324470066,1633061005529,2998.88,2.6259,a
11324470066,1633061005529,2998.87,1.4665,a
11324470066,1633061005529,2998.86,1.7712,a
11324465631,1633060997529,2998.83,0.6673,a
11324467578,1633061001529,2998.81,1.5,a
11324470066,1633061005529,2998.8,3.05,a
11324466708,1633061000530,2998.79,0.0063,a
11324468274,1633061002529,2998.78,2.6259,a
11324468274,1633061002529,2998.76,0.6182,a
11324470066,1633061005529,2998.74,0.3213,a
11324468938,1633061003530,2998.7,0.1359,a
11324453347,1633060981531,2998.62,0.5174,b
11324469401,1633061004529,2998.56,0.1668,a
11324463835,1633060993530,2998.54,0.41,a
11324463835,1633060993530,2998.52,0.1,a
11324468938,1633061003530,2998.51,0.3212,a
11324468938,1633061003530,2998.48,1.0,a
11324470066,1633061005529,2998.47,0.3731,a
11324468938,1633061003530,2998.43,1.4591,a
11324466164,1633060998529,2998.42,0.834,a
11324468938,1633061003530,2998.41,0.3301,a
11324470066,1633061005529,2998.4,0.267,a
11324469401,1633061004529,2998.39,0.1,a
11324466708,1633061000530,2998.34,0.6673,a
11324469401,1633061004529,2998.31,0.9675,a
11324466708,1633061000530,2998.3,0.0669,a
11324445489,1633060958528,2998.28,0.0602,b
11324463835,1633060993530,2998.23,0.1668,a
11324459742,1633060988528,2998.22,0.6673,a
11324465631,1633060997529,2998.21,0.1668,a
11324463835,1633060993530,2998.18,0.218,a
11324466708,1633061000530,2998.17,0.4467,a
11324466708,1633061000530,2998.16,0.6356,a
11324468938,1633061003530,2998.14,1.4949,a
11324463835,1633060993530,2998.13,0.5082,a
11324464471,1633060994530,2998.11,1.5,a
11324460958,1633060990530,2998.1,0.8934,a
11324464471,1633060994530,2998.06,0.269,a
11324463835,1633060993530,2998.05,1.5,a
11324470066,1633061005529,2998.03,0.1311,a
11324470066,1633061005529,2998.01,0.1964,a
11324470066,1633061005529,2997.97,0.3239,b
11324463835,1633060993530,2997.94,2.6259,a
11324463835,1633060993530,2997.92,0.1633,a
11324465631,1633060997529,2997.88,0.2154,a
11324454595,1633060982530,2997.78,2.4,b
11324464471,1633060994530,2997.77,1.3706,a
11324468274,1633061002529,2997.75,1.2434,b
11324470066,1633061005529,2997.72,1.3635,b
11324469401,1633061004529,2997.67,0.242,a
11324470066,1633061005529,2997.64,5.0751,b
11324470066,1633061005529,2997.6,0.6672,b
11324469401,1633061004529,2997.58,1.3668,b
11324466164,1633060998529,2997.55,0.208,b
11324457043,1633060984530,2997.54,0.6671,b
11324470066,1633061005529,2997.53,0.8339,b
11324467578,1633061001529,2997.43,4.8,b
11324466164,1633060998529,2997.42,0.099,b
11324468274,1633061002529,2997.39,0.3862,b
11324468274,1633061002529,2997.37,3.4561,b
11324470066,1633061005529,2997.36,0.6321,b
11324470066,1633061005529,2997.35,1.7608,b
11324470066,1633061005529,2997.34,1.5,b
11324470066,1633061005529,2997.33,2.5904,b
11324465030,1633060996528,2997.32,0.3949,b
11324470066,1633061005529,2997.31,0.6672,b
11324469401,1633061004529,2997.29,0.0076,b
11324469401,1633061004529,2997.27,1.148,b
11324469401,1633061004529,2997.26,1.1251,b
11324468274,1633061002529,2997.25,2.1451,b
11324464471,1633060994530,2997.22,0.7662,b
11324470066,1633061005529,2997.21,3.974,b
11324470066,1633061005529,2997.18,2.9173,b
11324466164,1633060998529,2997.16,1.252,b
11324467578,1633061001529,2997.14,1.0429,b
11324465030,1633060996528,2997.11,1.2471,b
11324470066,1633061005529,2997.1,1.054,b
11324466164,1633060998529,2997.06,1.0,b
11324467578,1633061001529,2997.04,1.0,b
11324464471,1633060994530,2997.03,0.7265,b
11324470066,1633061005529,2997.02,0.1668,b
11324470066,1633061005529,2996.99,1.5,b
11324470066,1633061005529,2996.96,0.1668,b
11324467578,1633061001529,2996.93,1.9424,b
11324469401,1633061004529,2996.92,0.95,b
11324468938,1633061003530,2996.89,3.974,b
11324470066,1633061005529,2996.88,0.1668,b
11324468274,1633061002529,2996.85,1.8347,b
11324468938,1633061003530,2996.83,1.5901,b
11324467578,1633061001529,2996.82,1.8303,b
11324464715,1633060995528,2996.76,1.5901,b
11324462753,1633060992530,2996.74,0.2655,b
11324459742,1633060988528,2996.73,0.7267,b
11324466708,1633061000530,2996.69,0.6673,b
11324467578,1633061001529,2996.67,4.3468,b
11324469401,1633061004529,2996.66,4.7006,b
11324465631,1633060997529,2996.64,1.5,b
11324470066,1633061005529,2996.63,4.0,b
11324468938,1633061003530,2996.62,3.8811,b
11324468938,1633061003530,2996.61,0.1,b
11324470066,1633061005529,2996.6,1.0192,b
11324465030,1633060996528,2996.59,0.3668,b
11324467578,1633061001529,2996.57,0.4342,b
11324463835,1633060993530,2996.55,1.1716,b
11324468274,1633061002529,2996.48,17.0422,b
11324468938,1633061003530,2996.47,51.1931,b
11324459182,1633060987531,2996.46,0.6673,b
11324470066,1633061005529,2996.43,0.41,b
11324462753,1633060992530,2996.42,1.4145,b
11324468274,1633061002529,2996.4,0.41,b
11324470066,1633061005529,2996.39,0.6671,b
11324469401,1633061004529,2996.38,8.0,b
11324470066,1633061005529,2996.37,1.8274,b
11324470066,1633061005529,2996.35,0.0088,b
11324468274,1633061002529,2996.34,2.1671,b
11324468938,1633061003530,2996.33,2.5542,b
11324470066,1633061005529,2996.32,6.3238,b
11324470066,1633061005529,2996.31,0.7266,b
11324470066,1633061005529,2996.28,8.0046,b
11324468938,1633061003530,2996.26,0.1668,b
11324470066,1633061005529,2996.25,0.7361,b
11324464471,1633060994530,2996.24,9.6646,b
11324468938,1633061003530,2996.23,2.1331,b
11324468938,1633061003530,2996.21,0.1668,b
11324468274,1633061002529,2996.2,1.6,b
11324468274,1633061002529,2996.19,0.6671,b
11324470066,1633061005529,2996.18,1.3937,b
11324468938,1633061003530,2996.17,1.4531,b
11324470066,1633061005529,2996.12,0.8339,b
11324470066,1633061005529,2996.11,1.6,b
11324462753,1633060992530,2996.1,0.667,b
11324466708,1633061000530,2996.09,2.5019,b
11324470066,1633061005529,2996.08,0.6671,b
11324470066,1633061005529,2996.07,0.9533,b
11324470066,1633061005529,2996.06,1.645,b
11324468938,1633061003530,2996.03,1.5,b
11324470066,1633061005529,2996.01,2.5,b
11324470066,1633061005529,2996.0,0.0138,b
11324470066,1633061005529,2995.95,9.2541,b
11324469401,1633061004529,2995.93,0.6758,b
11324470066,1633061005529,2995.91,0.5,b
11324470066,1633061005529,2995.9,25.9948,b
11324467578,1633061001529,2995.85,2.9382,b
11324470066,1633061005529,2995.84,3.5846,b
11324466164,1633060998529,2995.83,1.1685,b
11324469401,1633061004529,2995.8,0.271,b
11324470066,1633061005529,2995.77,6.6756,b
11324467578,1633061001529,2995.76,5.0,b
11324469401,1633061004529,2995.75,4.152,b
11324467578,1633061001529,2995.74,1.0385,b
11324464471,1633060994530,2995.72,0.6672,b
11324463835,1633060993530,2995.71,0.41,b
11324470066,1633061005529,2995.68,3.3353,b
11324468938,1633061003530,2995.66,4.5,b
11324468274,1633061002529,2995.65,0.1668,b
11324467578,1633061001529,2995.61,1.6,b
11324468938,1633061003530,2995.6,1.6,b
11324468938,1633061003530,2995.59,0.6672,b
11324468938,1633061003530,2995.57,0.6672,b
11324470066,1633061005529,2995.56,0.3478,b
11324468938,1633061003530,2995.53,0.6778,b
11324469401,1633061004529,2995.52,6.0,b
11324469401,1633061004529,2995.51,0.4764,b
11324466164,1633060998529,2995.5,2.89,b
11324466164,1633060998529,2995.49,0.2,b
11324468274,1633061002529,2995.44,7.1,b
11324468938,1633061003530,2995.43,1.3443,b
11324466708,1633061000530,2995.38,7.3289,b
11324468938,1633061003530,2995.36,9.2574,b
11324465631,1633060997529,2995.35,0.3334,b
11324466324,1633060999530,2995.34,3.1673,b
11324468938,1633061003530,2995.33,0.6955,b
11324459182,1633060987531,2995.29,0.7221,b
11324441103,1633060952527,2995.27,2.02,b
11324468274,1633061002529,2995.26,1.4145,b
11324469401,1633061004529,2995.24,2.25,b
11324463835,1633060993530,2995.23,0.012,b
11324466164,1633060998529,2995.22,1.5,b
11324458454,1633060986531,2995.21,0.434,b
11324466164,1633060998529,2995.19,0.7148,b
11324469401,1633061004529,2995.16,0.1668,b
11324465631,1633060997529,2995.1,0.045,b
11324468938,1633061003530,2995.06,9.1795,b
11324470066,1633061005529,2995.05,6.7865,b
11324470066,1633061005529,2995.04,14.1795,b
11324461147,1633060991529,2995.02,0.5644,b
11324461147,1633060991529,2995.01,6.3456,b
11324468938,1633061003530,2995.0,0.1745,b
11324469401,1633061004529,2994.98,9.8815,b
11324466708,1633061000530,2994.97,0.6966,b
11324463835,1633060993530,2994.93,0.6673,b
11324463835,1633060993530,2994.92,2.1019,b
11324464471,1633060994530,2994.9,0.0134,b
11324463835,1633060993530,2994.86,0.6673,b
11324466708,1633061000530,2994.85,1.0464,b
11324463835,1633060993530,2994.83,0.6673,b
11324466164,1633060998529,2994.82,2.0,b
11324465631,1633060997529,2994.81,0.0122,b
11324464715,1633060995528,2994.8,0.0365,b
11324457043,1633060984530,2994.79,0.6597,b
11324413402,1633060896525,2994.78,1.3142,b
11324361274,1633060791522,2994.77,0.0784,b
11324428511,1633060927526,2994.76,1.3214,b
11324462753,1633060992530,2994.75,0.7614,b
11324445489,1633060958528,2994.74,0.2166,b
11324448763,1633060970528,2994.73,0.4332,b
11324459182,1633060987531,2994.7,1.5,b
11324467578,1633061001529,2994.61,1.5646,b
11324466164,1633060998529,2994.6,4.7155,b
11324420112,1633060910525,2994.58,1.3414,b
11324420112,1633060910525,2994.55,6.407,b
11324470066,1633061005529,2994.52,90.6886,b
11324463835,1633060993530,2994.51,0.0063,b
11324419408,1633060908526,2994.46,1.3249,b
11324457043,1633060984530,2994.37,0.6331,b
11324464471,1633060994530,2994.36,34.7149,b
11324459182,1633060987531,2994.35,0.7148,b
11324445044,1633060957530,2994.33,2.0,b
11324428511,1633060927526,2994.31,0.0826,b
11324447034,1633060962528,2994.3,0.0159,b
11324464471,1633060994530,2994.28,1.1976,b
11324445044,1633060957530,2994.26,1.5,b
11324448622,1633060969528,2994.25,3.5,b
11324465030,1633060996528,2994.24,5.0,b
11324464471,1633060994530,2994.23,0.3474,b
11324458454,1633060986531,2994.22,1.2553,b
11324464471,1633060994530,2994.16,0.8185,b
11324445044,1633060957530,2994.15,2.0,b
11324329648,1633060699514,2994.12,6.002,b
11324466708,1633061000530,2994.1,0.015,b
11324448273,1633060967528,2994.07,3.0,b
11324364966,1633060802521,2994.06,0.2397,b
11324463835,1633060993530,2994.05,5.0,b
11324446727,1633060961527,2994.04,3.5,b
11324457043,1633060984530,2994.03,90.8223,b
11324462753,1633060992530,2994.02,0.0252,b
11324469401,1633061004529,2994.01,0.1739,b
11324430175,1633060931526,2994.0,1.3287,b
11324390071,1633060853523,2993.98,0.3285,b
11324383130,1633060843522,2993.97,1.3012,b
11324391102,1633060854523,2993.95,0.057,b
11324457043,1633060984530,2993.94,0.3705,b
11324457043,1633060984530,2993.93,3.0,b
11324367273,1633060808521,2993.91,1.3213,b
11324461147,1633060991529,2993.89,2.1004,b
11324457043,1633060984530,2993.88,2.1084,b
11324413402,1633060896525,2993.87,0.005,b
11324429992,1633060930527,2993.85,0.3,b
11324453347,1633060981531,2993.84,0.0066,b
11324455850,1633060983531,2993.82,1.5,b
11324447904,1633060965528,2993.81,0.0561,b
11324463835,1633060993530,2993.8,5.6582,b
11324361274,1633060791522,2993.79,2.0,b
11324355807,1633060777519,2993.78,0.7665,b
11324463835,1633060993530,2993.77,5.6582,b
11324375435,1633060830521,2993.75,0.375,b
11324462753,1633060992530,2993.69,2.55,b
11324371612,1633060819521,2993.68,1.3379,b
11324460259,1633060989528,2993.67,90.7023,b
11324459742,1633060988528,2993.66,0.0115,b
11324423252,1633060917526,2993.63,1.319,b
11324458454,1633060986531,2993.62,2.187,b
11324454595,1633060982530,2993.6,2.01,b
11324429744,1633060929526,2993.58,1.324,b
11324405536,1633060877524,2993.56,1.3246,b
11324444178,1633060956529,2993.55,1.5433,b
11324273735,1633060531507,2993.53,2.3711,b
11324460259,1633060989528,2993.5,7.09,b
11324453347,1633060981531,2993.49,14.1454,b
11324375247,1633060829521,2993.48,1.3348,b
11324447636,1633060964527,2993.47,4.4,b
11324379919,1633060836523,2993.46,1.3342,b
11324433844,1633060939528,2993.45,1.3209,b
11324449459,1633060971527,2993.44,4.172,b
11324457043,1633060984530,2993.43,1.5,b
11324466164,1633060998529,2993.42,0.6949,b
11324463835,1633060993530,2993.38,2.0059,b
11324446727,1633060961527,2993.36,2.6092,b
11324449913,1633060972528,2993.35,0.7283,b
11324424125,1633060919526,2993.34,10.1538,b
11324468274,1633061002529,2993.33,0.0066,b
11324454595,1633060982530,2993.3,0.0555,b
11324462753,1633060992530,2993.27,5.2,b
11324446727,1633060961527,2993.26,2.02,b
11324460958,1633060990530,2993.25,3.0,b
11324463835,1633060993530,2993.2,4.9813,b
11324441103,1633060952527,2993.19,1.3444,b
11324458454,1633060986531,2993.18,2.02,b
11324459742,1633060988528,2993.14,5.065,b
11324440335,1633060950527,2993.13,0.3,b
11324470066,1633061005529,2993.12,6.0,b
11324455850,1633060983531,2993.1,0.5905,b
11324460259,1633060989528,2993.09,9.1795,b
11324460958,1633060990530,2993.08,0.1032,b
11324440105,1633060949528,2993.07,1.3445,b
11324430175,1633060931526,2993.05,0.3,b
11324440603,1633060951527,2993.04,1.3286,b
11324466164,1633060998529,2993.03,0.0229,b
11324459742,1633060988528,2993.02,9.1795,b
11324379348,1633060834521,2993.01,1.3208,b
11324459182,1633060987531,2993.0,0.0244,b
11324464471,1633060994530,2992.99,1.5,b
11324441863,1633060954527,2992.94,1.3254,b
11324445044,1633060957530,2992.93,0.0306,b
11324440603,1633060951527,2992.92,2.8283,b
11324462753,1633060992530,2992.91,15.05,b
11324458454,1633060986531,2992.9,1.01,b
11324432245,1633060936527,2992.85,4.8363,b
11324468938,1633061003530,2992.84,2.0,b
11324465631,1633060997529,2992.82,4.0,b
11324429744,1633060929526,2992.81,1.3174,b
11324441863,1633060954527,2992.79,4.0272,b
11324441103,1633060952527,2992.78,1.3267,b
11324447251,1633060963528,2992.73,2.02,b
11324468274,1633061002529,2992.72,0.6949,b
11324460958,1633060990530,2992.71,2.8075,b
11324462753,1633060992530,2992.7,2.0,b
11324427652,1633060924527,2992.69,1.3209,b
11324462753,1633060992530,2992.66,2.0,b
11324278988,1633060538507,2992.6,0.427,b
11324420816,1633060912525,2992.59,1.3018,b
11324457043,1633060984530,2992.58,3.51,b
11324451932,1633060979528,2992.55,2.02,b
11324446271,1633060959528,2992.54,2.02,b
11324428957,1633060928527,2992.52,1.6547,b
11324344921,1633060760520,2992.51,3.3972,b
11324448466,1633060968527,2992.5,0.0272,b
11324290303,1633060564509,2992.49,1.3821,b
11324459182,1633060987531,2992.48,33.3626,b
11324458454,1633060986531,2992.47,2.3189,b
11324457445,1633060985529,2992.46,0.2005,b
11324422748,1633060916525,2992.45,1.3169,b
11324441103,1633060952527,2992.44,1.3232,b
11324458454,1633060986531,2992.43,4.9027,b
11324439684,1633060948527,2992.41,0.15,b
11324451729,1633060978529,2992.38,0.6,b
11324417916,1633060903524,2992.37,0.3,b
11324440105,1633060949528,2992.34,0.0068,b
11324451504,1633060977529,2992.32,0.569,b
11324441863,1633060954527,2992.31,1.3233,b
11324468938,1633061003530,2992.3,0.0214,b
11324458454,1633060986531,2992.28,1.5,b
11324466324,1633060999530,2992.26,1.3009,b
11324460259,1633060989528,2992.25,3.1002,b
11324377077,1633060831524,2992.24,0.026,b
11324314749,1633060652512,2992.21,1.3627,b
11324462753,1633060992530,2992.17,0.1516,b
11324312322,1633060641512,2992.16,1.3215,b
11324457043,1633060984530,2992.15,2.0,b
11324433844,1633060939528,2992.14,1.3823,b
11324290303,1633060564509,2992.13,1.3295,b
11324443098,1633060955528,2992.1,1.3204,b
11324455850,1633060983531,2992.09,2.0,b
11324468274,1633061002529,2992.08,4.8978,b
11324344921,1633060760520,2992.06,9.6042,b
11324331146,1633060704516,2992.02,1.3285,b
11324459742,1633060988528,2992.0,1.014,b
11324437163,1633060943528,2991.99,0.5013,b
11324453347,1633060981531,2991.98,0.172,b
11324459182,1633060987531,2991.97,34.8631,b
11324335465,1633060726516,2991.89,1.345,b
11324458454,1633060986531,2991.87,3.3424,b
11324455850,1633060983531,2991.86,2.01,b
11324458454,1633060986531,2991.85,2.0,b
11324439684,1633060948527,2991.84,1.3673,b
11324470066,1633061005529,2991.82,2.1,b
11324336722,1633060736517,2991.8,1.3451,b
11324433844,1633060939528,2991.78,2.6468,b
11324430175,1633060931526,2991.76,0.0162,b
11324433844,1633060939528,2991.75,1.3388,b
11324374337,1633060827522,2991.74,1.3535,b
11324423424,1633060918526,2991.73,1.3021,b
11324432245,1633060936527,2991.72,2.6698,b
11324319666,1633060676513,2991.71,0.008,b
11324468274,1633061002529,2991.67,3.5,b
11324354536,1633060775519,2991.66,0.3145,b
11324420532,1633060911525,2991.64,1.3255,b
11324454595,1633060982530,2991.61,1.3236,b
11324459182,1633060987531,2991.6,5.065,b
11324366583,1633060805520,2991.59,1.352,b
11324468274,1633061002529,2991.58,4.9942,b
11324345760,1633060761517,2991.57,0.0229,b
11324319453,1633060675514,2991.56,1.3602,b
11324464471,1633060994530,2991.55,3.5,b
11324438527,1633060947527,2991.54,1.335,b
11324457445,1633060985529,2991.53,2.02,b
11324425012,1633060920526,2991.52,0.0044,b
11324312067,1633060639511,2991.5,1.3614,b
11324377077,1633060831524,2991.48,1.3156,b
11324446727,1633060961527,2991.46,0.1721,b
11324444178,1633060956529,2991.44,1.3091,b
11324285872,1633060556507,2991.43,1.3582,b
11324369282,1633060814521,2991.42,1.3413,b
11324444178,1633060956529,2991.41,1.3512,b
11324457043,1633060984530,2991.4,2.0,b
11324388578,1633060851525,2991.39,0.0045,b
11324437833,1633060945527,2991.38,0.1084,b
11324374768,1633060828521,2991.37,1.3215,b
11324457043,1633060984530,2991.34,3.0,b
11324458454,1633060986531,2991.33,2.1224,b
11324440105,1633060949528,2991.32,1.3468,b
11324459742,1633060988528,2991.31,2.4,b
11324464471,1633060994530,2991.3,3.2037,b
11324440335,1633060950527,2991.29,1.3197,b
11324446521,1633060960529,2991.24,0.4171,b
11324440105,1633060949528,2991.23,1.3359,b
11324441863,1633060954527,2991.22,1.3231,b
11324468274,1633061002529,2991.19,4.0001,b
11324457043,1633060984530,2991.17,0.0036,b
11324458454,1633060986531,2991.16,0.2169,b
11324444178,1633060956529,2991.15,1.3395,b
11324457445,1633060985529,2991.14,2.5037,b
11324371782,1633060820522,2991.13,1.3175,b
11324446271,1633060959528,2991.11,1.3454,b
11324458454,1633060986531,2991.07,2.01,b
11324321658,1633060683514,2991.06,1.321,b
11324295201,1633060578510,2991.05,2.6681,b
11324361754,1633060793520,2991.04,1.3439,b
11324339647,1633060752517,2991.03,1.323,b
11324389710,1633060852523,2991.02,0.0072,b
11324466164,1633060998529,2991.01,2.0,b
11324461147,1633060991529,2991.0,2.503,b
11324361754,1633060793520,2990.99,1.3303,b
11324457043,1633060984530,2990.97,14.1454,b
11324460259,1633060989528,2990.96,1.6134,b
11324461147,1633060991529,2990.94,0.2011,b
11324450389,1633060973528,2990.93,1.3249,b
11324462753,1633060992530,2990.92,0.7674,b
11324294495,1633060574509,2990.9,1.3365,b
11324440105,1633060949528,2990.88,1.3223,b
11324457043,1633060984530,2990.87,2.0,b
11324463835,1633060993530,2990.81,1.4342,b
11324369187,1633060813521,2990.79,1.359,b
11324457445,1633060985529,2990.78,2.02,b
11324364966,1633060802521,2990.77,1.3393,b
11324389710,1633060852523,2990.76,0.0066,b
11324389710,1633060852523,2990.74,0.0066,b
11324468938,1633061003530,2990.71,2.01,b
11324470066,1633061005529,2990.69,0.6291,b
11324463835,1633060993530,2990.68,2.02,b
11324433844,1633060939528,2990.65,1.3297,b
11324440105,1633060949528,2990.64,1.3184,b
11324435144,1633060941527,2990.62,1.3184,b
11324329027,1633060698515,2990.61,1.3232,b
11324455850,1633060983531,2990.6,1.3585,b
11324438527,1633060947527,2990.57,1.3335,b
11324446727,1633060961527,2990.56,1.3095,b
11324451729,1633060978529,2990.53,1.3291,b
11324470066,1633061005529,2990.52,0.172,b
11324451932,1633060979528,2990.5,0.0669,b
11324340850,1633060755519,2990.49,1.3417,b
11324452148,1633060980528,2990.43,1.3223,b
11324446521,1633060960529,2990.41,1.3275,b
11324455850,1633060983531,2990.4,0.1431,b
11324448622,1633060969528,2990.39,10.001,b
11324466708,1633061000530,2990.38,0.695,b
11324441555,1633060953527,2990.37,0.0683,b
11324438082,1633060946527,2990.36,1.333,b
11324453347,1633060981531,2990.35,0.0098,b
11324377077,1633060831524,2990.34,25.9333,b
11324468938,1633061003530,2990.33,1.8785,b
11324465631,1633060997529,2990.32,2.0068,b
11324451504,1633060977529,2990.31,1.3394,b
11324453347,1633060981531,2990.3,1.3278,b
11324460259,1633060989528,2990.29,0.0556,b
11324454595,1633060982530,2990.25,1.3183,b
11324331146,1633060704516,2990.22,1.362,b
11324468274,1633061002529,2990.21,2.0,b
11324368527,1633060811521,2990.2,0.1001,b
11324457043,1633060984530,2990.19,0.5187,b
11324333056,1633060712516,2990.17,2.6451,b
11324465631,1633060997529,2990.16,0.1153,b
11324329027,1633060698515,2990.14,1.3259,b
11324293896,1633060571510,2990.12,1.33,b
11324338963,1633060749517,2990.11,1.3368,b
11324467578,1633061001529,2990.1,5.0293,b
11324332881,1633060711515,2990.08,1.3226,b
11324336089,1633060731516,2990.07,1.3363,b
11324361866,1633060794519,2990.06,1.33,b
11324438082,1633060946527,2990.03,1.3263,b
11324434488,1633060940527,2990.02,0.0067,b
11324467578,1633061001529,2990.0,1.9189,b
11324331777,1633060706515,2989.99,1.3543,b
11324340368,1633060754518,2989.97,1.318,b
11324464715,1633060995528,2989.96,0.2793,b
11324458454,1633060986531,2989.94,2.0,b
11324440335,1633060950527,2989.92,1.3212,b
11324341272,1633060756518,2989.89,1.3373,b
11324318493,1633060671514,2989.88,0.0111,b
11324460259,1633060989528,2989.87,2.0,b
11324441555,1633060953527,2989.86,0.0067,b
11324466708,1633061000530,2989.83,0.0036,b
11324446271,1633060959528,2989.79,1.6259,b
11324371612,1633060819521,2989.78,1.303,b
11324459182,1633060987531,2989.77,2.0,b
11324460958,1633060990530,2989.76,2.02,b
11324446271,1633060959528,2989.74,4.6313,b
11324320144,1633060680515,2989.73,1.3528,b
11324435144,1633060941527,2989.72,1.3445,b
11324460958,1633060990530,2989.7,1.0,b
11324374768,1633060828521,2989.67,4.9826,b
11324458454,1633060986531,2989.59,2.0,b
11324450889,1633060975528,2989.56,1.3293,b
11324294653,1633060575508,2989.55,1.3359,b
11324371072,1633060818522,2989.53,1.3165,b
11324440105,1633060949528,2989.51,1.3031,b
11324270580,1633060513506,2989.49,1.3545,b
11324272333,1633060520506,2989.48,1.3262,b
11324453347,1633060981531,2989.47,0.0035,b
11324385845,1633060848523,2989.46,0.0325,b
11324322838,1633060688515,2989.45,0.0282,b
11324450617,1633060974528,2989.44,1.3275,b
11324463835,1633060993530,2989.43,16.1705,b
11324457043,1633060984530,2989.42,0.0946,b
11324461147,1633060991529,2989.4,2.024,b
11324361754,1633060793520,2989.38,1.3224,b
11324458454,1633060986531,2989.37,14.4121,b
11324457043,1633060984530,2989.35,0.0116,b
11324365687,1633060804521,2989.34,1.3166,b
11324439684,1633060948527,2989.33,1.3166,b
11324450889,1633060975528,2989.32,1.3268,b
11324269328,1633060509506,2989.31,1.3372,b
11324441555,1633060953527,2989.3,0.1044,b
11324449459,1633060971527,2989.29,1.3274,b
11324322665,1633060687514,2989.28,1.3548,b
11324449913,1633060972528,2989.23,0.0258,b
11324314749,1633060652512,2989.22,1.336,b
11324447251,1633060963528,2989.21,1.3239,b
11324270815,1633060514505,2989.19,1.3372,b
11324464471,1633060994530,2989.17,14.1454,b
11324462753,1633060992530,2989.16,2.0,b
11324450889,1633060975528,2989.14,1.3209,b
11324364966,1633060802521,2989.12,1.1476,b
11324318432,1633060670514,2989.1,5.847,b
11324449459,1633060971527,2989.08,1.3264,b
11324452148,1633060980528,2989.06,4.5087,b
11324448622,1633060969528,2989.05,1.3239,b
11324452148,1633060980528,2989.04,1.3686,b
11324457043,1633060984530,2989.03,2.5,b
11324451504,1633060977529,2989.02,1.3316,b
11324362557,1633060796521,2989.01,1.3167,b
11324334705,1633060722516,2989.0,0.004,b
11324457445,1633060985529,2988.98,1.3393,b
11324457445,1633060985529,2988.97,0.0036,b
11324457445,1633060985529,2988.91,1.3298,b
11324450889,1633060975528,2988.9,1.3626,b
11324356849,1633060779520,2988.88,2.6448,b
11324450389,1633060973528,2988.87,1.3252,b
11324446727,1633060961527,2988.86,1.3838,b
11324448763,1633060970528,2988.84,1.3546,b
11324323304,1633060691515,2988.83,1.3375,b
11324454595,1633060982530,2988.79,1.355,b
11324454595,1633060982530,2988.78,1.4805,b
11324322838,1633060688515,2988.77,0.005,b
11324291095,1633060565508,2988.74,0.0171,b
11324356849,1633060779520,2988.7,1.3221,b
11324457445,1633060985529,2988.68,1.3371,b
11324457043,1633060984530,2988.62,1.3286,b
11324291095,1633060565508,2988.61,25.9333,b
11324447636,1633060964527,2988.6,1.3212,b
11324457445,1633060985529,2988.56,1.3407,b
11324466324,1633060999530,2988.54,0.1721,b
11324451349,1633060976528,2988.52,1.3209,b
11324447034,1633060962528,2988.5,1.3222,b
11324447034,1633060962528,2988.44,1.3267,b
11324448622,1633060969528,2988.43,1.3314,b
11324453347,1633060981531,2988.41,1.3372,b
11324318194,1633060669514,2988.39,1.3228,b
11324356849,1633060779520,2988.38,1.3551,b
11324356221,1633060778519,2988.37,1.3621,b
11324275676,1633060533508,2988.36,1.3621,b
11324356849,1633060779520,2988.35,1.3339,b
11324335332,1633060725516,2988.34,1.3509,b
11324447904,1633060965528,2988.33,72.95,b
11324330230,1633060702516,2988.32,1.3269,b
11324447904,1633060965528,2988.31,10.03,b
11324347777,1633060763518,2988.29,1.3442,b
11324454595,1633060982530,2988.28,1.3229,b
11324270815,1633060514505,2988.27,1.3378,b
11324447636,1633060964527,2988.25,1.3268,b
11324451504,1633060977529,2988.23,1.3395,b
11324353488,1633060773518,2988.22,0.6949,b
11324446271,1633060959528,2988.21,1.322,b
11324451504,1633060977529,2988.2,1.3319,b
11324358998,1633060787519,2988.19,1.3195,b
11324448763,1633060970528,2988.16,1.3195,b
11324453347,1633060981531,2988.15,1.315,b
11324458454,1633060986531,2988.14,10.0,b
11324448763,1633060970528,2988.13,0.0071,b
11324432245,1633060936527,2988.12,25.9333,b
11324297028,1633060582510,2988.11,10.0,b
11324335332,1633060725516,2988.1,1.3465,b
11324457043,1633060984530,2988.09,0.1691,b
11324269328,1633060509506,2988.06,1.3379,b
11324335614,1633060727516,2988.04,1.323,b
11324348680,1633060764517,2988.03,0.0058,b
11324452148,1633060980528,2988.02,0.0253,b
11324447251,1633060963528,2988.0,3.004,b
11324451504,1633060977529,2987.99,1.3341,b
11324349740,1633060765518,2987.97,1.3224,b
11324353488,1633060773518,2987.96,1.328,b
11324447636,1633060964527,2987.95,1.3332,b
11324356221,1633060778519,2987.94,0.1432,b
11324459742,1633060988528,2987.92,0.0671,b
11324353787,1633060774518,2987.89,1.3256,b
11324369187,1633060813521,2987.86,5.0434,b
11324460958,1633060990530,2987.84,1.3158,b
11324282926,1633060550507,2987.81,1.3367,b
11324372600,1633060823521,2987.8,0.1003,b
11324470066,1633061005529,2987.76,1.3401,b
11324284740,1633060555507,2987.75,0.005,b
11324273394,1633060528507,2987.67,0.015,b
11324301798,1633060609510,2987.65,1.3272,b
11324389710,1633060852523,2987.64,0.1743,b
11324275676,1633060533508,2987.57,1.3322,b
11324305477,1633060618511,2987.55,25.9333,b
11324469401,1633061004529,2987.53,0.3512,b
11324448622,1633060969528,2987.5,1.7061,b
11324461147,1633060991529,2987.47,1.3649,b
11324353488,1633060773518,2987.45,0.0069,b
11324462753,1633060992530,2987.41,0.0067,b
11324458454,1633060986531,2987.39,1.3412,b
11324275676,1633060533508,2987.38,0.02,b
11324451504,1633060977529,2987.36,0.2221,b
11324406246,1633060881524,2987.35,0.1673,b
11324449913,1633060972528,2987.33,1.3233,b
11324346849,1633060762519,2987.32,0.0092,b
11324386422,1633060849524,2987.3,0.0328,b
11324457043,1633060984530,2987.29,1.3141,b
11324349740,1633060765518,2987.28,1.3275,b
11324331146,1633060704516,2987.25,8.7951,b
11324352239,1633060771519,2987.24,1.3275,b
11324458454,1633060986531,2987.2,1.4177,b
11324356849,1633060779520,2987.19,1.3514,b
11324459742,1633060988528,2987.14,0.1523,b
11324455850,1633060983531,2987.12,1.3383,b
11324447251,1633060963528,2987.1,0.1027,b
11324457445,1633060985529,2987.08,1.3437,b
11324276615,1633060534507,2987.07,1.3324,b
11324450617,1633060974528,2987.03,1.3301,b
11324321658,1633060683514,2987.0,0.004,b
11324446727,1633060961527,2986.99,1.3515,b
11324447636,1633060964527,2986.94,1.3371,b
11324359257,1633060789519,2986.91,1.3384,b
11324307446,1633060621511,2986.87,0.0065,b
11324434488,1633060940527,2986.86,26.0647,b
11324457445,1633060985529,2986.83,0.0067,b
11324463835,1633060993530,2986.81,1.3198,b
11324353787,1633060774518,2986.8,0.2667,b
11324445044,1633060957530,2986.78,0.4744,b
11324352239,1633060771519,2986.74,1.3227,b
11324457043,1633060984530,2986.71,1.3636,b
11324294871,1633060576510,2986.66,0.0103,b
11324458454,1633060986531,2986.63,1.3347,b
11324465030,1633060996528,2986.61,1.3361,b
11324470066,1633061005529,2986.58,1.328,b
11324468938,1633061003530,2986.57,1.325,b
11324354536,1633060775519,2986.55,0.0106,b
11324459182,1633060987531,2986.52,0.5022,b
11324468274,1633061002529,2986.47,1.3849,b
11324463835,1633060993530,2986.42,1.3242,b
11324470066,1633061005529,2986.4,1.3379,b
11324391428,1633060855522,2986.39,0.0071,b
11324351961,1633060770518,2986.37,1.3518,b
11324466708,1633061000530,2986.36,0.0065,b
11324457445,1633060985529,2986.33,0.0602,b
11324463835,1633060993530,2986.3,1.334,b
11324291780,1633060566508,2986.29,25.3347,b
11324457445,1633060985529,2986.27,9.6642,b
11324350374,1633060767519,2986.26,1.3519,b
11324465030,1633060996528,2986.22,1.3381,b
11324464715,1633060995528,2986.2,1.3476,b
11324468938,1633061003530,2986.18,1.3418,b
11324352239,1633060771519,2986.13,0.0069,b
11324468938,1633061003530,2986.11,1.3286,b
11324459742,1633060988528,2986.1,0.1037,b
11324468274,1633061002529,2986.05,1.3277,b
11324459182,1633060987531,2986.04,1.3452,b
11324468938,1633061003530,2986.03,1.3191,b
11324305477,1633060618511,2986.0,0.004,b
11324468938,1633061003530,2985.97,1.3513,b
11324465631,1633060997529,2985.96,1.3329,b
11324461147,1633060991529,2985.94,1.3452,b
11324459742,1633060988528,2985.86,1.3184,b
11324377077,1633060831524,2985.85,1.0,b
11324466164,1633060998529,2985.83,1.316,b
11324461147,1633060991529,2985.82,5.2183,b
11324462753,1633060992530,2985.79,0.02,b
11324470066,1633061005529,2985.75,1.3342,b
11324462753,1633060992530,2985.74,0.1171,b
11324458454,1633060986531,2985.71,2.3379,b
11324459742,1633060988528,2985.69,1.3266,b
11324458454,1633060986531,2985.68,1.3564,b
11324457043,1633060984530,2985.64,1.3916,b
11324470066,1633061005529,2985.63,1.3547,b
11324345760,1633060761517,2985.62,1.3346,b
11324469401,1633061004529,2985.6,1.3388,b
11324461147,1633060991529,2985.59,1.342,b
11324444178,1633060956529,2985.57,51.9781,b
11324345760,1633060761517,2985.56,0.02,b
11324459742,1633060988528,2985.54,1.3193,b
11324346849,1633060762519,2985.44,1.3711,b
11324465030,1633060996528,2985.42,1.518,b
11324294871,1633060576510,2985.4,0.1124,b
11324276973,1633060535507,2985.39,1.3566,b
11324345760,1633060761517,2985.37,8.8007,b
11324464471,1633060994530,2985.33,0.0129,b
11324461147,1633060991529,2985.32,1.3247,b
11324457043,1633060984530,2985.28,0.0548,b
11324391428,1633060855522,2985.27,0.0117,b
11324460958,1633060990530,2985.25,5.0554,b
11324445489,1633060958528,2985.14,17.5603,b
11324463835,1633060993530,2985.12,1.3234,b
11324329648,1633060699514,2985.08,0.1055,b
11324468938,1633061003530,2985.02,1.3322,b
11324326042,1633060695516,2985.01,25.9333,b
11324463835,1633060993530,2985.0,5.3266,b
11324391102,1633060854523,2984.98,0.0335,b
11324459742,1633060988528,2984.97,1.3285,b
11324437163,1633060943528,2984.94,11.5979,b
11324399516,1633060866523,2984.93,0.0547,b
11324357294,1633060780520,2984.92,25.9333,b
11324357294,1633060780520,2984.85,25.9333,b
11324447251,1633060963528,2984.76,0.0168,b
11324465030,1633060996528,2984.74,1.3381,b
11324459742,1633060988528,2984.73,19.4856,b
11324281290,1633060545508,2984.72,25.9333,b
11324281290,1633060545508,2984.68,25.9333,b
11324468938,1633061003530,2984.6,0.1036,b
11324469401,1633061004529,2984.59,1.3526,b
11324390071,1633060853523,2984.46,0.4971,b
11324464471,1633060994530,2984.44,0.0773,b
11324443098,1633060955528,2984.4,0.0536,b
11324465030,1633060996528,2984.35,1.3395,b
11324445044,1633060957530,2984.31,25.9333,b
11324460259,1633060989528,2984.3,1.366,b
11324469401,1633061004529,2984.29,1.3246,b
11324460958,1633060990530,2984.25,1.3383,b
11324440105,1633060949528,2984.11,8.5668,b
11324460958,1633060990530,2984.1,1.3528,b
11324457043,1633060984530,2984.09,1.3288,b
11324266298,1633060500505,2984.0,0.004,b
11324460259,1633060989528,2983.9,1.3397,b
11324460958,1633060990530,2983.79,10.0,b
11324344921,1633060760520,2983.75,25.9333,b
11324459182,1633060987531,2983.69,0.0201,b
11324275676,1633060533508,2983.52,25.9768,b
11324275676,1633060533508,2983.51,25.9333,b
11324459182,1633060987531,2983.48,1.3191,b
11324467578,1633061001529,2983.42,1.3291,b
11324267402,1633060504505,2983.3,0.0118,b
11324312006,1633060638513,2983.28,0.012,b
11324458454,1633060986531,2983.24,8.807,b
11324458454,1633060986531,2983.0,5.004,b
11324405000,1633060876523,2982.97,0.1676,b
11324444178,1633060956529,2982.92,2.8563,b
11324458454,1633060986531,2982.84,0.0067,b
11324462753,1633060992530,2982.7,51.8666,b
11324434488,1633060940527,2982.63,0.102,b
11324388578,1633060851525,2982.56,0.0057,b
11324291095,1633060565508,2982.55,4.9923,b
11324414275,1633060899525,2982.34,0.251,b
11324457445,1633060985529,2982.33,10.03,b
11324447636,1633060964527,2982.29,11.6082,b
11324460958,1633060990530,2982.25,15.4457,b
11324451729,1633060978529,2982.18,8.5723,b
11324276615,1633060534507,2982.17,25.9333,b
11324345760,1633060761517,2982.14,25.9333,b
11324312322,1633060641512,2982.01,0.0127,b
11324276615,1633060534507,2981.86,9.764,b
11324457043,1633060984530,2981.61,0.0074,b
11324391428,1633060855522,2981.48,0.0107,b
11324306022,1633060619512,2981.45,0.0231,b
11324377077,1633060831524,2981.41,0.0201,b
11324463835,1633060993530,2981.34,51.8666,b
11324392288,1633060856522,2981.08,0.008,b
11324312205,1633060640513,2981.05,0.1021,b
11324459182,1633060987531,2981.01,0.0168,b
11324329999,1633060701516,2980.84,0.1021,b
11324460958,1633060990530,2980.75,9.7676,b
11324329648,1633060699514,2980.55,0.0231,b
11324397891,1633060863524,2980.48,0.0231,b
11324273187,1633060525506,2980.44,1.0,b
11324441555,1633060953527,2980.43,0.0231,b
11324459182,1633060987531,2980.36,99.255,b
11324386422,1633060849524,2980.24,10.058,b
11324391428,1633060855522,2980.19,0.0279,b
11324266298,1633060500505,2980.04,0.0231,b
11324417916,1633060903524,2980.0,23.569,b
11324449459,1633060971527,2979.94,0.2667,b
11324462753,1633060992530,2979.91,0.1301,b
11324396083,1633060861524,2979.9,0.0465,b
11324394835,1633060859525,2979.83,0.0699,b
11324393285,1633060857523,2979.59,0.1,b
11324459182,1633060987531,2979.26,6.6667,b
11324460958,1633060990530,2979.25,25.3946,b
11324459742,1633060988528,2979.22,0.1021,b
11324457445,1633060985529,2978.67,8.2786,b
11324441103,1633060952527,2978.0,2.104,b
11324298623,1633060589509,2977.97,7.8429,b
11324348680,1633060764517,2977.94,0.0231,b
11324407339,1633060884525,2977.9,0.0164,b
11324336722,1633060736517,2977.61,0.0107,b
11324319965,1633060679514,2977.5,7.8441,b
11324345760,1633060761517,2977.29,5.0026,b
11324271142,1633060515505,2977.28,7.8447,b
11324291095,1633060565508,2977.27,0.0067,b
11324445489,1633060958528,2977.06,0.0122,b
11324361274,1633060791522,2976.89,0.0201,b
11324389710,1633060852523,2976.78,0.0053,b
11324273834,1633060532506,2976.69,7.8462,b
11324380223,1633060837522,2976.43,1.6769,b
11324453347,1633060981531,2976.29,7.8541,b
11324409877,1633060890525,2976.28,0.1173,b
11324312067,1633060639511,2976.22,0.0269,b
11324299672,1633060596509,2976.11,6.0,b
11324457445,1633060985529,2976.06,0.0659,b
11324464471,1633060994530,2976.05,5.0046,b
11324379610,1633060835523,2976.0,2.2945,b
11324388578,1633060851525,2975.85,0.3104,b
11324391428,1633060855522,2975.74,0.0067,b
11324419028,1633060906525,2975.72,0.0125,b
11324370602,1633060817522,2975.71,0.0503,b
11324411468,1633060892525,2975.61,0.6709,b
11324351524,1633060769518,2975.01,0.0832,b
11324444178,1633060956529,2975.0,31.6312,b
11324461147,1633060991529,2974.99,0.0231,b
11324361547,1633060792520,2974.51,0.2717,b
11324385845,1633060848523,2974.39,0.0083,b
11324391428,1633060855522,2974.34,0.015,b
11324300825,1633060603510,2974.22,0.5034,b
11324378188,1633060832523,2974.11,0.6657,b
11324446521,1633060960529,2974.1,0.2517,b
11324445044,1633060957530,2973.7,2.4129,b
11324426346,1633060921527,2973.68,5.3444,b
11324389710,1633060852523,2973.64,0.0167,b
11324412738,1633060894525,2973.6,0.0544,b
11324457043,1633060984530,2973.52,0.061,b
11324391102,1633060854523,2973.5,0.5153,b
11324458454,1633060986531,2973.41,0.0223,b
11324466164,1633060998529,2973.33,7.8712,b
11324389710,1633060852523,2972.99,0.039,b
11324286535,1633060557509,2972.91,0.0126,b
11324375435,1633060830521,2972.69,0.0068,b
11324457043,1633060984530,2972.65,0.0201,b
11324412270,1633060893524,2972.6,0.6716,b
11324460958,1633060990530,2972.53,0.0164,b
11324381263,1633060839522,2972.14,0.0083,b
11324271142,1633060515505,2972.01,0.4647,b
11324353787,1633060774518,2972.0,0.2295,b
11324416242,1633060901524,2971.92,0.0083,b
11324268747,1633060507505,2971.8,0.0072,b
11324335200,1633060724516,2971.63,0.5,b
11324389710,1633060852523,2971.42,0.05,b
11324330230,1633060702516,2971.35,0.0233,b
11324268747,1633060507505,2971.29,0.0163,b
11324393285,1633060857523,2971.25,0.146,b
11324378188,1633060832523,2971.1,0.6664,b
11324383130,1633060843522,2971.0,0.0411,b
11324430527,1633060932527,2970.5,0.0084,b
11324422748,1633060916525,2970.44,0.0672,b
11324385845,1633060848523,2970.32,0.0426,b
11324445044,1633060957530,2970.24,0.101,b
11324316671,1633060659513,2970.23,0.0141,b
11324281884,1633060547508,2970.16,2.7733,b
11324283737,1633060552508,2970.1,0.1336,b
11324463835,1633060993530,2970.0,42.0872,b
11324351961,1633060770518,2969.84,1.3594,b
11324326884,1633060696514,2969.56,1.6669,b
11324466164,1633060998529,2969.53,0.5042,b
11324428957,1633060928527,2969.5,1.3365,b
11324372352,1633060822521,2969.36,0.0084,b
11324373161,1633060826521,2969.34,0.0084,b
11324394835,1633060859525,2969.29,0.0999,b
11324367119,1633060807520,2969.21,0.0084,b
11324406507,1633060882524,2969.17,0.0361,b
11324414275,1633060899525,2969.16,0.007,b
11324412738,1633060894525,2969.0,2.147,b
11324409144,1633060888524,2968.81,0.0104,b
11324335012,1633060723516,2968.6,0.0039,b
11324361754,1633060793520,2968.46,0.0351,b
11324308737,1633060623511,2968.45,0.1446,b
11324440105,1633060949528,2968.33,0.1446,b
11324436267,1633060942526,2968.23,0.0084,b
11324457043,1633060984530,2968.02,0.1056,b
11324448466,1633060968527,2968.0,13.9788,b
11324441863,1633060954527,2967.9,0.015,b
11324361547,1633060792520,2967.64,0.0111,b
11324464471,1633060994530,2967.63,0.0673,b
11324314363,1633060649513,2967.51,0.0084,b
11324319453,1633060675514,2967.43,4.3742,b
11324299082,1633060592510,2967.42,0.0175,b
11324447636,1633060964527,2967.41,0.0177,b
11324283405,1633060551508,2967.35,5.4145,b
11324338091,1633060744517,2967.33,0.0254,b
11324317153,1633060662514,2967.26,0.0253,b
11324275676,1633060533508,2967.24,0.0068,b
11324331990,1633060707516,2967.21,0.0084,b
11324356221,1633060778519,2967.2,0.6728,b
11324372892,1633060824521,2967.14,0.0098,b
11324464715,1633060995528,2967.0,2.9506,b
11324372150,1633060821521,2966.96,0.0085,b
11324333056,1633060712516,2966.93,0.0036,b
11324451504,1633060977529,2966.92,0.0067,b
11324269728,1633060511506,2966.89,1.0263,b
11324271609,1633060516505,2966.84,0.0068,b
11324446727,1633060961527,2966.77,5.3644,b
11324358911,1633060786519,2966.74,0.0038,b
11324362252,1633060795520,2966.72,0.0445,b
11324435144,1633060941527,2966.54,0.6804,b
11324271788,1633060517506,2966.52,0.0084,b
11324309448,1633060625512,2966.48,0.0069,b
11324309953,1633060627511,2966.46,0.0037,b
11324282926,1633060550507,2966.24,0.0084,b
11324342107,1633060757519,2966.21,0.1549,b
11324377077,1633060831524,2966.15,0.0058,b
11324358451,1633060783520,2966.08,0.0522,b
11324333616,1633060715517,2965.77,0.6731,b
11324340850,1633060755519,2965.65,1.0,b
11324448622,1633060969528,2965.63,0.032,b
11324335465,1633060726516,2965.59,0.6732,b
11324276615,1633060534507,2965.48,0.6732,b
11324408034,1633060885525,2965.15,0.0134,b
11324320144,1633060680515,2965.0,76.8823,b
11324282645,1633060549507,2964.9,0.005,b
11324452148,1633060980528,2964.86,0.0038,b
11324397009,1633060862524,2964.8,0.0243,b
11324404705,1633060875524,2964.6,2.7274,b
11324315097,1633060654513,2964.0,1.5242,b
11324292501,1633060569508,2963.96,0.2672,b
11324440335,1633060950527,2963.95,0.0794,b
11324394835,1633060859525,2963.69,0.0757,b
11324459182,1633060987531,2963.54,0.6681,b
11324465631,1633060997529,2962.98,0.0084,b
11324466708,1633061000530,2962.94,0.0084,b
11324400649,1633060869524,2962.9,0.1684,b
11324443098,1633060955528,2962.8,0.07,b
11324438082,1633060946527,2962.59,0.1347,b
11324459182,1633060987531,2962.55,0.106,b
11324384429,1633060845523,2962.27,0.1684,b
11324459742,1633060988528,2962.13,0.1278,b
11324412270,1633060893524,2961.77,0.0498,b
11324272607,1633060522507,2961.44,0.1348,b
11324312205,1633060640513,2961.22,0.021,b
11324272848,1633060524506,2961.11,0.0337,b
11324331146,1633060704516,2961.09,0.1348,b
11324293896,1633060571510,2961.0,8.2426,b
11324459182,1633060987531,2960.55,0.6687,b
11324348680,1633060764517,2960.22,0.1688,b
11324280012,1633060542508,2960.1,0.1465,b
11324460958,1633060990530,2960.0,144.9686,b
11324353787,1633060774518,2959.89,0.0067,b
11324457043,1633060984530,2959.82,0.1117,b
11324283405,1633060551508,2959.0,4.3209,b
11324395469,1633060860523,2958.75,0.0732,b
11324332720,1633060710517,2958.0,14.0679,b
11324459182,1633060987531,2957.88,0.0034,b
11324397891,1633060863524,2957.29,2.3628,b
11324366583,1633060805520,2957.08,0.0721,b
11324394835,1633060859525,2956.64,0.0069,b
11324322665,1633060687514,2956.61,0.0085,b
11324319666,1633060676513,2956.44,0.1688,b
11324319965,1633060679514,2956.32,0.0049,b
11324357496,1633060781519,2956.17,0.0079,b
11324270580,1633060513506,2955.9,0.08,b
11324367720,1633060809521,2955.68,1.682,b
11324446727,1633060961527,2955.47,0.0068,b
11324330827,1633060703515,2955.0,89.571,b
11324356849,1633060779520,2954.54,0.0607,b
11324447034,1633060962528,2954.03,0.0217,b
11324466324,1633060999530,2954.0,3.8473,b
11324301418,1633060607510,2953.85,1.683,b
11324367119,1633060807520,2953.69,0.01,b
11324362557,1633060796521,2953.64,0.01,b
11324417073,1633060902525,2953.12,1.9007,b
11324315892,1633060657513,2952.97,0.1513,b
11324459742,1633060988528,2952.93,0.0201,b
11324315892,1633060657513,2952.83,0.0383,b
11324357496,1633060781519,2952.64,0.1586,b
11324358805,1633060785519,2952.42,2.546,b
11324287525,1633060559509,2952.39,0.0068,b
11324300205,1633060598510,2951.8,0.1693,b
11324459182,1633060987531,2951.55,0.0338,b
11324364517,1633060801520,2951.0,38.1894,b
11324349740,1633060765518,2950.78,0.1903,b
11324391428,1633060855522,2950.68,0.0256,b
11324335200,1633060724516,2950.61,0.6089,b
11324346849,1633060762519,2950.39,3.9423,b
11324338091,1633060744517,2950.23,0.087,b
11324337340,1633060742517,2950.05,0.0242,b
11324466324,1633060999530,2950.0,362.5741,b
11324361547,1633060792520,2949.78,0.8253,b
11324364966,1633060802521,2949.27,0.0489,b
11324407339,1633060884525,2948.68,5.0781,b
11324366904,1633060806521,2948.66,0.1349,b
11324364517,1633060801520,2948.58,0.0678,b
11324414275,1633060899525,2948.39,0.0037,b
11324323304,1633060691515,2948.27,0.0204,b
11324395469,1633060860523,2948.21,0.1157,b
11324409877,1633060890525,2947.91,0.0153,b
11324451349,1633060976528,2947.78,0.1536,b
11324298623,1633060589509,2947.76,0.0234,b
11324453347,1633060981531,2947.74,0.0846,b
11324397891,1633060863524,2947.45,0.0978,b
11324413402,1633060896525,2947.43,0.0113,b
11324396083,1633060861524,2947.41,0.0582,b
11324396083,1633060861524,2947.38,0.0745,b
11324459742,1633060988528,2947.35,0.0122,b
11324400649,1633060869524,2947.27,0.0575,b
11324292205,1633060567508,2947.13,2.0391,b
11324430175,1633060931526,2947.1,0.0175,b
11324288688,1633060561509,2946.88,0.0611,b
11324297028,1633060582510,2946.86,0.0178,b
11324429992,1633060930527,2946.47,0.039,b
11324426882,1633060922527,2946.45,0.0163,b
11324457445,1633060985529,2946.35,0.0554,b
11324440335,1633060950527,2946.31,0.004,b
11324426882,1633060922527,2945.98,0.045,b
11324396083,1633060861524,2945.86,0.1278,b
11324392288,1633060856522,2945.73,0.0086,b
11324437833,1633060945527,2945.23,1.0148,b
11324448092,1633060966529,2945.1,0.0188,b
11324330230,1633060702516,2944.49,0.0131,b
11324446521,1633060960529,2944.13,0.0125,b
11324470066,1633061005529,2943.74,0.1348,b
11324334125,1633060717515,2943.73,0.005,b
11324370137,1633060816521,2943.62,0.269,b
11324272732,1633060523506,2943.0,1.105,b
11324300324,1633060599510,2942.73,1.3569,b
11324413160,1633060895525,2942.64,0.1051,b
11324391428,1633060855522,2942.52,0.0123,b
11324312322,1633060641512,2942.37,0.0036,b
11324440105,1633060949528,2942.0,2.4687,b
11324409581,1633060889525,2941.95,0.0325,b
11324361547,1633060792520,2941.51,0.0339,b
11324375435,1633060830521,2941.38,0.6788,b
11324405911,1633060879524,2941.3,0.0424,b
11324266449,1633060501506,2941.13,0.0391,b
11324406067,1633060880524,2941.09,1.0182,b
11324413866,1633060898525,2940.94,0.0285,b
11324412738,1633060894525,2940.87,0.0137,b
11324368132,1633060810521,2940.47,0.0853,b
11324445044,1633060957530,2940.44,0.0678,b
11324272333,1633060520506,2940.42,5.0923,b
11324374337,1633060827522,2940.0,60.2296,b
11324367119,1633060807520,2939.0,7.1192,b
11324446521,1633060960529,2938.96,0.0307,b
11324470066,1633061005529,2938.64,5.0954,b
11324367273,1633060808521,2938.46,0.0769,b
11324337170,1633060740517,2938.21,0.5,b
11324358998,1633060787519,2937.83,0.0165,b
11324395469,1633060860523,2937.67,0.0835,b
11324375435,1633060830521,2937.55,0.0036,b
11324333402,1633060714517,2937.49,0.0681,b
11324463835,1633060993530,2936.89,0.0153,b
11324440603,1633060951527,2936.83,0.6799,b
11324334125,1633060717515,2936.75,0.0069,b
11324312322,1633060641512,2936.59,0.0133,b
11324342270,1633060758518,2936.58,0.0068,b
11324460259,1633060989528,2936.56,0.0679,b
11324363199,1633060798519,2935.96,1.0293,b
11324298623,1633060589509,2935.9,0.6801,b
11324444178,1633060956529,2935.74,0.1754,b
11324269632,1633060510505,2935.57,0.102,b
11324271142,1633060515505,2935.52,2.0201,b
11324284740,1633060555507,2935.25,1.0202,b
11324273394,1633060528507,2935.22,0.7094,b
11324455850,1633060983531,2935.07,1.7076,b
11324271142,1633060515505,2934.7,0.0283,b
11324359689,1633060790520,2934.53,1.7055,b
11324386422,1633060849524,2934.4,0.3401,b
11324294333,1633060573509,2934.36,0.0188,b
11324406682,1633060883524,2933.79,0.0069,b
11324295201,1633060578510,2933.75,0.5794,b
11324373007,1633060825521,2933.65,0.0096,b
11324336015,1633060730517,2933.06,0.0068,b
11324373007,1633060825521,2933.04,0.0117,b
11324390071,1633060853523,2932.0,7.3585,b
11324467578,1633061001529,2931.76,1.2714,b
11324329027,1633060698515,2930.0,90.5062,b
11324280012,1633060542508,2929.9,0.0051,b
11324287132,1633060558509,2929.6,1.1782,b
11324413670,1633060897525,2929.0,4.0173,b
11324370137,1633060816521,2928.88,0.0109,b
11324445044,1633060957530,2928.46,0.3408,b
11324350374,1633060767519,2928.45,0.6804,b
11324460958,1633060990530,2927.2,0.0896,b
11324395469,1633060860523,2927.13,0.0825,b
11324369282,1633060814521,2925.47,0.043,b
11324280098,1633060543508,2925.31,0.0099,b
11324299082,1633060592510,2925.13,0.0239,b
11324468938,1633061003530,2924.59,0.0136,b
11324299672,1633060596509,2922.58,0.3012,b
11324391428,1633060855522,2921.75,0.0077,b
11324299082,1633060592510,2921.0,6.1723,b
11324358998,1633060787519,2920.74,0.0476,b
11324432245,1633060936527,2920.0,99.8313,b
11324448273,1633060967528,2918.89,0.0199,b
11324460958,1633060990530,2917.7,0.0696,b
11324288688,1633060561509,2917.5,0.8368,b
11324448763,1633060970528,2917.14,0.0982,b
11324404705,1633060875524,2916.86,0.0069,b
11324396083,1633060861524,2916.59,0.0804,b
11324432245,1633060936527,2915.97,8.5584,b
11324324613,1633060694514,2914.28,8.6484,b
11324391102,1633060854523,2913.17,0.0148,b
11324350952,1633060768518,2911.53,0.005,b
11324465631,1633060997529,2910.53,8.5874,b
11324399788,1633060867525,2910.41,0.0295,b
11324266639,1633060502505,2910.3,0.1163,b
11324390071,1633060853523,2910.17,0.0093,b
11324361547,1633060792520,2910.0,333.7038,b
11324350952,1633060768518,2909.32,0.0107,b
11324270076,1633060512506,2908.21,0.0065,b
11324272426,1633060521507,2908.04,0.0068,b
11324396083,1633060861524,2906.05,0.0823,b
11324279755,1633060540508,2905.6,0.0339,b
11324290303,1633060564509,2905.4,1.5457,b
11324300825,1633060603510,2905.0,20.7935,b
11324397009,1633060862524,2904.6,0.0503,b
11324446727,1633060961527,2902.02,0.0128,b
11324389710,1633060852523,2900.5,0.0037,b
