EventTime,Symbol,aggTradeID,price,quantity,bidderMaker,priceTimesQuantity,cml_vol,sig,cml_bid
2021-10-10 17:54:52.807000,BTCUSDT,948869027,54890.37,0.01708,True,-937.5275196,-10485.2579711,-1,-3
2021-10-10 17:54:52.914000,BTCUSDT,948869028,54890.0,0.00208,True,-114.17119999999998,-10599.4291711,-1,-4
2021-10-10 17:54:52.919000,BTCUSDT,948869029,54890.0,0.07497,True,-4115.1033,-14714.5324711,-1,-5
2021-10-10 17:54:52.928000,BTCUSDT,948869030,54890.0,0.07497,True,-4115.1033,-18829.6357711,-1,-6
2021-10-10 17:54:52.963000,BTCUSDT,948869031,54890.0,0.053,True,-2909.17,-21738.8057711,-1,-7
2021-10-10 17:54:52.975000,BTCUSDT,948869032,54890.0,0.12383,True,-6797.0287,-28535.8344711,-1,-8
2021-10-10 17:54:53.101000,BTCUSDT,948869033,54890.0,0.0273,True,-1498.497,-30034.3314711,-1,-9
2021-10-10 17:54:53.323000,BTCUSDT,948869034,54890.0,0.00036,True,-19.7604,-30054.0918711,-1,-10
2021-10-10 17:54:53.426000,BTCUSDT,948869035,54890.01,0.07496,False,4114.5551496,-25939.5367215,1,-9
2021-10-10 17:54:53.435000,BTCUSDT,948869036,54890.01,0.07496,False,4114.5551496,-21824.9815719,1,-8
2021-10-10 17:54:53.447000,BTCUSDT,948869037,54890.01,0.07496,False,4114.5551496,-17710.426422299995,1,-7
2021-10-10 17:54:53.480000,BTCUSDT,948869038,54890.01,0.00114,False,62.5746114,-17647.851810899996,1,-6
2021-10-10 17:54:53.862000,BTCUSDT,948869039,54890.01,0.12933,False,7098.9249933,-10548.926817599997,1,-5
2021-10-10 17:54:53.921000,BTCUSDT,948869040,54897.0,0.07499,True,-4116.72603,-14665.652847599997,-1,-6
2021-10-10 17:54:53.923000,BTCUSDT,948869041,54897.0,0.00091,True,-49.95627,-14715.609117599995,-1,-7
2021-10-10 17:54:53.932000,BTCUSDT,948869042,54897.0,0.07499,True,-4116.72603,-18832.335147599995,-1,-8
2021-10-10 17:54:53.941000,BTCUSDT,948869043,54897.0,0.07492,True,-4112.88324,-22945.218387599994,-1,-9
2021-10-10 17:54:54.338000,BTCUSDT,948869044,54895.24,0.0002,False,10.979048,-22934.2393396,1,-8
2021-10-10 17:54:54.428000,BTCUSDT,948869045,54895.24,0.04929,False,2705.7863796,-20228.452959999995,1,-7
2021-10-10 17:54:54.428000,BTCUSDT,948869046,54897.0,0.02052,False,1126.48644,-19101.966519999994,1,-6
2021-10-10 17:54:54.428000,BTCUSDT,948869047,54897.01,0.00517,False,283.8175417,-18818.1489783,1,-5
2021-10-10 17:54:54.434000,BTCUSDT,948869048,54897.01,0.00314,False,172.3766114,-18645.7723669,1,-4
2021-10-10 17:54:54.437000,BTCUSDT,948869049,54895.24,0.04962,False,2723.9018088,-15921.870558099998,1,-3
2021-10-10 17:54:54.437000,BTCUSDT,948869050,54897.01,0.02536,False,1392.1881736,-14529.682384499998,1,-2
2021-10-10 17:54:54.448000,BTCUSDT,948869051,54898.25,0.00963,False,528.6701475,-14001.012237,1,-1
2021-10-10 17:54:54.448000,BTCUSDT,948869052,54899.03,0.06535,False,3587.6516105,-10413.360626499998,1,0
2021-10-10 17:54:54.460000,BTCUSDT,948869053,54898.24,0.07234,True,-3971.3386816,-14384.699308099998,-1,-1
2021-10-10 17:54:54.460000,BTCUSDT,948869054,54897.01,0.00263,True,-144.3791363,-14529.078444399998,-1,-2
2021-10-10 17:54:54.471000,BTCUSDT,948869055,54897.0,0.07499,True,-4116.72603,-18645.8044744,-1,-3
2021-10-10 17:54:54.478000,BTCUSDT,948869056,54898.24,0.006,True,-329.38944,-18975.1939144,-1,-4
2021-10-10 17:54:54.478000,BTCUSDT,948869057,54897.0,0.06898,True,-3786.79506,-22761.9889744,-1,-5
2021-10-10 17:54:54.607000,BTCUSDT,948869058,54895.23,0.03662,True,-2010.2633226,-24772.252297,-1,-6
2021-10-10 17:54:54.609000,BTCUSDT,948869059,54895.23,0.06793,True,-3729.0329739,-28501.2852709,-1,-7
2021-10-10 17:55:06.786000,BTCUSDT,948869306,54873.76,0.0007,True,-38.411632,-38.411632,-1,-1
2021-10-10 17:55:06.847000,BTCUSDT,948869307,54873.77,0.02497,False,1370.1980368999998,1331.7864048999998,1,0
2021-10-10 17:55:06.966000,BTCUSDT,948869308,54878.99,0.07497,True,-4114.277880299999,-2782.491475399999,-1,-1
2021-10-10 17:55:06.976000,BTCUSDT,948869309,54878.99,0.07497,True,-4114.277880299999,-6896.769355699998,-1,-2
2021-10-10 17:55:07.404000,BTCUSDT,948869310,54878.99,0.00989,True,-542.7532110999999,-7439.5225667999985,-1,-3
2021-10-10 17:55:07.469000,BTCUSDT,948869311,54876.25,0.07495,False,4112.9749375,-3326.5476292999983,1,-2
2021-10-10 17:55:07.480000,BTCUSDT,948869312,54873.77,0.07495,False,4112.7890615,786.2414322000013,1,-1
2021-10-10 17:55:07.966000,BTCUSDT,948869313,54873.76,0.07493,True,-4111.6908368,-3325.449404599999,-1,-2
2021-10-10 17:55:07.977000,BTCUSDT,948869314,54873.76,0.07493,True,-4111.6908368,-7437.140241399999,-1,-3
2021-10-10 17:55:08.384000,BTCUSDT,948869315,54873.76,0.02778,True,-1524.3930528,-8961.533294199999,-1,-4
2021-10-10 17:55:08.470000,BTCUSDT,948869316,54873.77,0.07492,False,4111.1428484,-4850.390445799999,1,-3
2021-10-10 17:55:08.481000,BTCUSDT,948869317,54873.77,0.07492,False,4111.1428484,-739.247597399999,1,-2
2021-10-10 17:55:08.872000,BTCUSDT,948869318,54873.76,0.24712,True,-13560.4035712,-14299.6511686,-1,-3
2021-10-10 17:55:08.873000,BTCUSDT,948869319,54873.76,0.0008,True,-43.899008,-14343.5501766,-1,-4
2021-10-10 17:55:08.878000,BTCUSDT,948869320,54870.46,0.06503,True,-3568.2260138,-17911.7761904,-1,-5
2021-10-10 17:55:08.878000,BTCUSDT,948869321,54870.37,0.00524,True,-287.5207388,-18199.2969292,-1,-6
2021-10-10 17:55:08.878000,BTCUSDT,948869322,54870.0,0.29628,True,-16256.8836,-34456.1805292,-1,-7
2021-10-10 17:55:08.878000,BTCUSDT,948869323,54870.0,0.053,True,-2908.11,-37364.2905292,-1,-8
2021-10-10 17:55:08.881000,BTCUSDT,948869324,54870.0,0.04,True,-2194.8,-39559.0905292,-1,-9
2021-10-10 17:55:08.884000,BTCUSDT,948869325,54870.47,0.00036,False,19.7533692,-39539.33716,1,-8
2021-10-10 17:55:08.887000,BTCUSDT,948869326,54870.0,0.01091,True,-598.6317,-40137.96886,-1,-9
2021-10-10 17:55:08.887000,BTCUSDT,948869327,54869.0,0.0046,True,-252.3974,-40390.36626,-1,-10
2021-10-10 17:55:08.887000,BTCUSDT,948869328,54868.84,0.03749,True,-2057.0328116,-42447.3990716,-1,-11
2021-10-10 17:55:08.891000,BTCUSDT,948869329,54868.84,0.00806,True,-442.2428504,-42889.641922,-1,-12
2021-10-10 17:55:08.891000,BTCUSDT,948869330,54868.71,0.00036,True,-19.7527356,-42909.3946576,-1,-13
2021-10-10 17:55:08.891000,BTCUSDT,948869331,54866.15,0.04458,True,-2445.932967,-45355.3276246,-1,-14
2021-10-10 17:55:08.892000,BTCUSDT,948869332,54869.01,0.00025,False,13.7172525,-45341.6103721,1,-13
2021-10-10 17:55:08.936000,BTCUSDT,948869333,54866.12,0.001,True,-54.86612,-45396.4764921,-1,-14
2021-10-10 17:55:08.951000,BTCUSDT,948869334,54866.13,0.00279,False,153.0765027,-45243.3999894,1,-13
2021-10-10 17:55:08.956000,BTCUSDT,948869335,54866.12,0.00639,True,-350.59450680000003,-45593.9944962,-1,-14
2021-10-10 17:55:08.967000,BTCUSDT,948869336,54866.12,0.06368,True,-3493.8745216,-49087.8690178,-1,-15
2021-10-10 17:55:08.967000,BTCUSDT,948869337,54865.1,0.01123,True,-616.135073,-49704.0040908,-1,-16
2021-10-10 17:55:08.977000,BTCUSDT,948869338,54865.1,0.02877,True,-1578.468927,-51282.4730178,-1,-17
2021-10-10 17:55:08.977000,BTCUSDT,948869339,54865.0,0.00709,True,-388.99285,-51671.465867800005,-1,-18
2021-10-10 17:55:08.977000,BTCUSDT,948869340,54864.43,0.00111,True,-60.89951730000001,-51732.365385100005,-1,-19
2021-10-10 17:55:08.977000,BTCUSDT,948869341,54863.9,0.03794,True,-2081.5363660000003,-53813.901751100006,-1,-20
2021-10-10 17:55:08.994000,BTCUSDT,948869342,54863.61,0.00113,False,61.9958793,-53751.90587180001,1,-19
2021-10-10 17:55:09.010000,BTCUSDT,948869343,54863.61,0.00084,False,46.0854324,-53705.820439400006,1,-18
2021-10-10 17:55:09.012000,BTCUSDT,948869344,54863.61,0.00043,False,23.5913523,-53682.22908710001,1,-17
2021-10-10 17:55:09.045000,BTCUSDT,948869345,54863.61,0.03574,False,1960.8254214,-51721.40366570001,1,-16
2021-10-10 17:55:09.061000,BTCUSDT,948869346,54863.61,0.00022,False,12.0699942,-51709.33367150001,1,-15
2021-10-10 17:55:09.063000,BTCUSDT,948869347,54863.61,0.003,False,164.59083,-51544.74284150001,1,-14
2021-10-10 17:55:09.132000,BTCUSDT,948869348,54863.61,0.17846,False,9790.9598406,-41753.78300090001,1,-13
2021-10-10 17:55:09.187000,BTCUSDT,948869349,54863.61,0.00485,False,266.0885085,-41487.69449240001,1,-12
2021-10-10 17:55:09.272000,BTCUSDT,948869350,54863.61,0.03465,False,1901.0240865,-39586.67040590001,1,-11
2021-10-10 17:55:09.283000,BTCUSDT,948869351,54863.61,0.00309,False,169.5285549,-39417.141851000015,1,-10
2021-10-10 17:55:09.315000,BTCUSDT,948869352,54863.61,0.03074,False,1686.5073714,-37730.63447960001,1,-9
2021-10-10 17:55:09.327000,BTCUSDT,948869353,54863.61,0.00905,False,496.51567050000006,-37234.118809100015,1,-8
2021-10-10 17:55:09.333000,BTCUSDT,948869354,54863.61,0.00905,False,496.51567050000006,-36737.60313860002,1,-7
2021-10-10 17:55:09.333000,BTCUSDT,948869355,54863.61,0.00905,False,496.51567050000006,-36241.08746810002,1,-6
2021-10-10 17:55:09.363000,BTCUSDT,948869356,54863.61,0.00048,False,26.3345328,-36214.75293530002,1,-5
2021-10-10 17:55:09.398000,BTCUSDT,948869357,54863.61,0.00167,False,91.6222287,-36123.13070660002,1,-4
2021-10-10 17:55:09.413000,BTCUSDT,948869358,54863.61,0.00032,False,17.556355200000002,-36105.57435140002,1,-3
2021-10-10 17:55:09.469000,BTCUSDT,948869359,54863.61,0.0749,False,4109.284389,-31996.28996240002,1,-2
2021-10-10 17:55:09.479000,BTCUSDT,948869360,54863.61,0.0749,False,4109.284389,-27887.00557340002,1,-1
2021-10-10 17:55:09.481000,BTCUSDT,948869361,54863.61,0.0001,False,5.4863610000000005,-27881.51921240002,1,0
2021-10-10 17:55:09.491000,BTCUSDT,948869362,54868.83,0.0749,False,4109.675367,-23771.84384540002,1,1
2021-10-10 17:55:09.502000,BTCUSDT,948869363,54868.82,0.07489,True,-4109.1259298,-27880.96977520002,-1,0
2021-10-10 17:55:09.512000,BTCUSDT,948869364,54870.45,0.07499,True,-4114.7350455,-31995.70482070002,-1,-1
2021-10-10 17:55:09.520000,BTCUSDT,948869365,54870.45,0.0749,True,-4109.796705,-36105.50152570002,-1,-2
2021-10-10 17:55:09.639000,BTCUSDT,948869366,54870.98,0.00181,True,-99.3164738,-36204.81799950002,-1,-3
2021-10-10 17:55:09.793000,BTCUSDT,948869367,54870.98,0.01275,True,-699.604995,-36904.42299450002,-1,-4
2021-10-10 17:55:09.804000,BTCUSDT,948869368,54870.99,0.00207,False,113.58294929999998,-36790.84004520002,1,-3
2021-10-10 17:55:09.914000,BTCUSDT,948869369,54870.99,0.03074,False,1686.7342326,-35104.10581260002,1,-2
2021-10-10 17:55:09.968000,BTCUSDT,948869370,54870.99,0.07498,False,4114.2268302,-30989.87898240002,1,-1
2021-10-10 17:55:09.968000,BTCUSDT,948869371,54870.99,0.05208,False,2857.6811592,-28132.19782320002,1,0
2021-10-10 17:55:09.980000,BTCUSDT,948869372,54870.99,0.025,False,1371.77475,-26760.42307320001,1,1
2021-10-10 17:55:09.980000,BTCUSDT,948869373,54871.0,0.02,False,1097.42,-25663.003073200016,1,2
2021-10-10 17:55:09.980000,BTCUSDT,948869374,54872.99,0.00781,False,428.5580519,-25234.445021300016,1,3
2021-10-10 17:55:09.980000,BTCUSDT,948869375,54873.0,0.02,False,1097.46,-24136.985021300017,1,4
2021-10-10 17:55:09.980000,BTCUSDT,948869376,54873.74,0.00143,False,78.4694482,-24058.515573100016,1,5
2021-10-10 17:55:09.980000,BTCUSDT,948869377,54873.77,0.00074,False,40.6065898,-24017.90898330001,1,6
2021-10-10 17:55:10.064000,BTCUSDT,948869378,54873.76,0.00271,True,-148.70788960000002,-24166.616872900013,-1,5
2021-10-10 17:55:10.111000,BTCUSDT,948869379,54873.76,0.00113,True,-62.0073488,-24228.62422170001,-1,4
2021-10-10 17:55:10.167000,BTCUSDT,948869380,54873.77,0.04437,False,2434.7491749,-21793.87504680001,1,5
2021-10-10 17:55:10.215000,BTCUSDT,948869381,54873.77,0.03961,False,2173.5500297,-19620.32501710001,1,6
2021-10-10 17:55:10.266000,BTCUSDT,948869382,54874.99,0.01358,False,745.2023641999999,-18875.122652900016,1,7
2021-10-10 17:55:10.302000,BTCUSDT,948869383,54875.0,0.04,False,2195.0,-16680.122652900016,1,8
2021-10-10 17:55:10.316000,BTCUSDT,948869384,54876.26,0.03375,False,1852.0737750000003,-14828.048877900015,1,9
2021-10-10 17:55:10.346000,BTCUSDT,948869385,54879.0,0.00111,False,60.915690000000005,-14767.133187900015,1,10
2021-10-10 17:55:10.349000,BTCUSDT,948869386,54879.0,0.00889,False,487.87431,-14279.258877900016,1,11
2021-10-10 17:55:10.349000,BTCUSDT,948869387,54879.01,0.28,False,15366.122800000005,1086.863922099987,1,12
2021-10-10 17:55:10.354000,BTCUSDT,948869388,54879.28,0.1943,False,10663.044104,11749.908026099987,1,13
2021-10-10 17:55:10.354000,BTCUSDT,948869389,54880.0,0.5448,False,29898.624,41648.53202609999,1,14
2021-10-10 17:55:10.356000,BTCUSDT,948869390,54880.0,0.21576,False,11840.9088,53489.44082609999,1,15
2021-10-10 17:55:10.370000,BTCUSDT,948869391,54880.0,0.21576,False,11840.9088,65330.3496261,1,16
2021-10-10 17:55:10.371000,BTCUSDT,948869392,54880.0,0.1495,False,8204.56,73534.9096261,1,17
2021-10-10 17:55:10.372000,BTCUSDT,948869393,54880.0,0.74637,False,40960.7856,114495.69522609998,1,18
2021-10-10 17:55:10.376000,BTCUSDT,948869394,54880.0,0.48654,False,26701.3152,141197.0104261,1,19
2021-10-10 17:55:10.379000,BTCUSDT,948869395,54880.0,0.11266,False,6182.7808,147379.7912261,1,20
2021-10-10 17:55:10.380000,BTCUSDT,948869396,54880.0,0.14418,False,7912.5984,155292.3896261,1,21
2021-10-10 17:55:10.386000,BTCUSDT,948869397,54880.0,0.25019,False,13730.427200000002,169022.8168261,1,22
2021-10-10 17:55:10.387000,BTCUSDT,948869398,54880.0,0.00073,False,40.0624,169062.8792261,1,23
2021-10-10 17:55:10.390000,BTCUSDT,948869399,54880.0,0.1304,False,7156.351999999999,176219.2312261,1,24
2021-10-10 17:55:10.391000,BTCUSDT,948869400,54880.0,0.13243,False,7267.7584,183486.9896261,1,25
2021-10-10 17:55:10.392000,BTCUSDT,948869401,54880.0,0.11347,False,6227.2336000000005,189714.2232261,1,26
2021-10-10 17:55:10.393000,BTCUSDT,948869402,54880.0,0.02,False,1097.6,190811.8232261,1,27
2021-10-10 17:55:10.393000,BTCUSDT,948869403,54880.0,0.00762,False,418.1856,191230.0088261,1,28
2021-10-10 17:55:10.393000,BTCUSDT,948869404,54880.0,0.06,False,3292.8,194522.8088261,1,29
2021-10-10 17:55:10.394000,BTCUSDT,948869405,54880.0,0.06,False,3292.8,197815.6088261,1,30
2021-10-10 17:55:10.395000,BTCUSDT,948869406,54880.0,0.47624,False,26136.0512,223951.6600261,1,31
2021-10-10 17:55:10.396000,BTCUSDT,948869407,54880.0,0.053,False,2908.64,226860.3000261,1,32
2021-10-10 17:55:10.396000,BTCUSDT,948869408,54880.0,0.08,False,4390.400000000001,231250.7000261,1,33
2021-10-10 17:55:10.396000,BTCUSDT,948869409,54880.0,0.02366,False,1298.4608,232549.1608261,1,34
2021-10-10 17:55:10.397000,BTCUSDT,948869410,54880.0,0.27661,False,15180.3568,247729.5176261,1,35
2021-10-10 17:55:10.398000,BTCUSDT,948869411,54880.0,0.053,False,2908.64,250638.1576261,1,36
2021-10-10 17:55:10.398000,BTCUSDT,948869412,54880.0,0.08,False,4390.400000000001,255028.5576261,1,37
2021-10-10 17:55:10.398000,BTCUSDT,948869413,54880.0,0.03,False,1646.4,256674.9576261,1,38
2021-10-10 17:55:10.399000,BTCUSDT,948869414,54880.0,0.05702,False,3129.2576,259804.2152261,1,39
2021-10-10 17:55:10.399000,BTCUSDT,948869415,54880.0,0.02,False,1097.6,260901.8152261,1,40
2021-10-10 17:55:10.399000,BTCUSDT,948869416,54880.0,0.1,False,5488.0,266389.81522610004,1,41
2021-10-10 17:55:10.399000,BTCUSDT,948869417,54880.0,0.01,False,548.8000000000001,266938.6152261,1,42
2021-10-10 17:55:10.399000,BTCUSDT,948869418,54880.0,0.01,False,548.8000000000001,267487.4152261,1,43
2021-10-10 17:55:10.400000,BTCUSDT,948869419,54880.0,0.01,False,548.8000000000001,268036.2152261,1,44
2021-10-10 17:55:10.400000,BTCUSDT,948869420,54880.0,0.01,False,548.8000000000001,268585.0152261,1,45
2021-10-10 17:55:10.400000,BTCUSDT,948869421,54880.0,0.01,False,548.8000000000001,269133.8152261,1,46
2021-10-10 17:55:10.400000,BTCUSDT,948869422,54880.0,0.03,False,1646.4,270780.2152261,1,47
2021-10-10 17:55:10.401000,BTCUSDT,948869423,54880.0,0.03,False,1646.4,272426.6152261,1,48
2021-10-10 17:55:10.401000,BTCUSDT,948869424,54880.0,0.01,False,548.8000000000001,272975.4152261,1,49
2021-10-10 17:55:10.401000,BTCUSDT,948869425,54880.0,0.02,False,1097.6,274073.0152261,1,50
2021-10-10 17:55:10.401000,BTCUSDT,948869426,54880.0,0.01,False,548.8000000000001,274621.8152261,1,51
2021-10-10 17:55:10.402000,BTCUSDT,948869427,54880.0,0.02,False,1097.6,275719.41522609995,1,52
2021-10-10 17:55:10.402000,BTCUSDT,948869428,54880.0,0.45432,False,24933.0816,300652.4968261,1,53
2021-10-10 17:55:10.402000,BTCUSDT,948869429,54880.25,0.02,False,1097.605,301750.1018260999,1,54
2021-10-10 17:55:10.410000,BTCUSDT,948869430,54881.09,0.0004,True,-21.952436,301728.1493900999,-1,53
2021-10-10 17:55:10.411000,BTCUSDT,948869431,54881.1,0.00762,False,418.193982,302146.3433720999,1,54
2021-10-10 17:55:10.411000,BTCUSDT,948869432,54881.74,0.02,False,1097.6348,303243.9781720999,1,55
2021-10-10 17:55:10.420000,BTCUSDT,948869433,54883.41,0.02,False,1097.6682,304341.6463721,1,56
2021-10-10 17:55:10.420000,BTCUSDT,948869434,54884.0,0.04,False,2195.36,306537.0063720999,1,57
2021-10-10 17:55:10.448000,BTCUSDT,948869435,54885.56,0.04,False,2195.4224,308732.4287720999,1,58
2021-10-10 17:55:10.457000,BTCUSDT,948869436,54888.22,0.01311,True,-719.5845642,308012.8442078999,-1,57
2021-10-10 17:55:10.475000,BTCUSDT,948869437,54888.23,0.02973,False,1631.8270779000002,309644.6712857999,1,58
2021-10-10 17:55:10.475000,BTCUSDT,948869438,54889.43,0.02327,False,1277.2770361,310921.94832189986,1,59
2021-10-10 17:55:10.478000,BTCUSDT,948869439,54889.43,0.053,False,2909.13979,313831.08811189985,1,60
2021-10-10 17:55:10.478000,BTCUSDT,948869440,54888.22,0.07497,True,-4114.9698534,309716.11825849983,-1,59
2021-10-10 17:55:10.482000,BTCUSDT,948869441,54889.43,0.053,False,2909.13979,312625.2580484998,1,60
2021-10-10 17:55:10.495000,BTCUSDT,948869442,54889.43,0.05234,False,2872.9127662,315498.17081469984,1,61
2021-10-10 17:55:10.498000,BTCUSDT,948869443,54889.43,0.06441,False,3535.4281863,319033.5990009998,1,62
2021-10-10 17:55:10.499000,BTCUSDT,948869444,54889.43,0.02253,False,1236.6588579000002,320270.25785889983,1,63
2021-10-10 17:55:10.501000,BTCUSDT,948869445,54889.43,0.07364,False,4042.0576252,324312.31548409985,1,64
2021-10-10 17:55:10.504000,BTCUSDT,948869446,54889.42,0.07497,True,-4115.0598174,320197.25566669984,-1,63
2021-10-10 17:55:10.508000,BTCUSDT,948869447,54889.43,0.27359,False,15017.1991537,335214.4548203999,1,64
2021-10-10 17:55:10.509000,BTCUSDT,948869448,54889.43,0.08783,False,4820.9386369,340035.39345729986,1,65
2021-10-10 17:55:10.512000,BTCUSDT,948869449,54889.43,0.0144,False,790.407792,340825.80124929984,1,66
2021-10-10 17:55:10.567000,BTCUSDT,948869450,54893.82,0.74948,True,-41141.8202136,299683.98103569984,-1,65
2021-10-10 17:55:10.671000,BTCUSDT,948869451,54893.82,0.14258,True,-7826.7608556,291857.22018009983,-1,64
2021-10-10 17:55:10.724000,BTCUSDT,948869452,54893.83,0.01698,False,932.0972334,292789.3174134998,1,65
2021-10-10 17:55:10.753000,BTCUSDT,948869453,54893.83,0.00209,False,114.7281047,292904.0455181998,1,66
2021-10-10 17:55:10.762000,BTCUSDT,948869454,54893.83,0.00234,False,128.4515622,293032.4970803998,1,67
2021-10-10 17:55:10.831000,BTCUSDT,948869455,54893.82,0.01773,True,-973.2674286,292059.2296517998,-1,66
2021-10-10 17:55:10.900000,BTCUSDT,948869456,54893.83,0.00856,False,469.8911848,292529.1208365998,1,67
2021-10-10 17:55:10.971000,BTCUSDT,948869457,54893.83,0.07496,False,4114.8414968,296643.9623333998,1,68
2021-10-10 17:55:10.974000,BTCUSDT,948869458,54893.82,0.00112,True,-61.4810784,296582.4812549998,-1,67
2021-10-10 17:55:10.983000,BTCUSDT,948869459,54893.83,0.07496,False,4114.8414968,300697.32275179983,1,68
2021-10-10 17:55:11.121000,BTCUSDT,948869460,54893.83,0.00164,False,90.0258812,300787.3486329998,1,69
2021-10-10 17:55:11.166000,BTCUSDT,948869461,54893.83,0.0012,False,65.872596,300853.2212289998,1,70
2021-10-10 17:55:11.218000,BTCUSDT,948869462,54893.83,0.00116,False,63.6768428,300916.8980717998,1,71
2021-10-10 17:55:11.264000,BTCUSDT,948869463,54893.83,0.0012,False,65.872596,300982.77066779975,1,72
2021-10-10 17:55:11.452000,BTCUSDT,948869464,54894.43,0.01499,False,822.8675057,301805.6381734997,1,73
2021-10-10 17:55:11.478000,BTCUSDT,948869465,54894.42,0.07495,True,-4114.336779,297691.3013944997,-1,72
2021-10-10 17:55:11.490000,BTCUSDT,948869466,54894.42,0.07495,True,-4114.336779,293576.9646154997,-1,71
2021-10-10 17:55:11.499000,BTCUSDT,948869467,54894.42,0.07495,True,-4114.336779,289462.6278364997,-1,70
2021-10-10 17:55:11.839000,BTCUSDT,948869468,54894.43,0.00352,False,193.2283936,289655.8562300997,1,71
2021-10-10 17:55:11.870000,BTCUSDT,948869469,54894.43,0.00674,False,369.9884582,290025.8446882997,1,72
2021-10-10 17:55:11.870000,BTCUSDT,948869470,54898.49,0.00911,False,500.1252439,290525.9699321997,1,73
2021-10-10 17:55:11.870000,BTCUSDT,948869471,54899.06,0.00182,False,99.9162892,290625.8862213997,1,74
2021-10-10 17:55:11.870000,BTCUSDT,948869472,54899.26,0.00911,False,500.1322586,291126.0184799997,1,75
2021-10-10 17:55:11.870000,BTCUSDT,948869473,54902.99,0.07105,False,3900.8574395,295026.87591949967,1,76
2021-10-10 17:55:11.870000,BTCUSDT,948869474,54903.32,0.03644,False,2000.6769808,297027.55290029966,1,77
2021-10-10 17:55:11.870000,BTCUSDT,948869475,54903.7,0.07105,False,3900.907885,300928.46078529966,1,78
2021-10-10 17:55:11.870000,BTCUSDT,948869476,54903.71,0.05502,False,3020.8021242,303949.26290949964,1,79
2021-10-10 17:55:11.870000,BTCUSDT,948869477,54903.73,0.02899,False,1591.6591327,305540.92204219964,1,80
2021-10-10 17:55:11.870000,BTCUSDT,948869478,54903.73,0.0012,False,65.88447599999999,305606.8065181996,1,81
2021-10-10 17:55:11.916000,BTCUSDT,948869479,54897.7,0.00056,False,30.742712,305637.5492301996,1,82
2021-10-10 17:55:11.966000,BTCUSDT,948869480,54897.69,0.00245,True,-134.4993405,305503.0498896996,-1,81
2021-10-10 17:55:11.973000,BTCUSDT,948869481,54897.7,0.04835,False,2654.303795,308157.3536846996,1,82
2021-10-10 17:55:11.973000,BTCUSDT,948869482,54898.4,0.00911,False,500.124424,308657.4781086996,1,83
2021-10-10 17:55:11.973000,BTCUSDT,948869483,54899.0,0.00911,False,500.12989,309157.6079986996,1,84
2021-10-10 17:55:11.973000,BTCUSDT,948869484,54900.99,0.00842,False,462.2663358,309619.8743344996,1,85
2021-10-10 17:55:11.985000,BTCUSDT,948869485,54900.99,0.07499,False,4117.0252401,313736.8995745996,1,86
2021-10-10 17:55:11.986000,BTCUSDT,948869486,54898.39,0.025,True,-1372.45975,312364.4398245996,-1,85
2021-10-10 17:55:11.986000,BTCUSDT,948869487,54898.32,0.00231,True,-126.8151192,312237.6247053996,-1,84
2021-10-10 17:55:11.992000,BTCUSDT,948869488,54900.99,0.07489,False,4111.5351411,316349.1598464996,1,85
2021-10-10 17:55:12.014000,BTCUSDT,948869489,54898.39,0.01346,True,-738.9323294,315610.22751709964,-1,84
2021-10-10 17:55:12.063000,BTCUSDT,948869490,54898.39,0.003,True,-164.69517,315445.5323470996,-1,83
2021-10-10 17:55:12.073000,BTCUSDT,948869491,54898.39,0.047,True,-2580.22433,312865.3080170996,-1,82
2021-10-10 17:55:12.073000,BTCUSDT,948869492,54898.32,0.00206,True,-113.0905392,312752.2174778996,-1,81
2021-10-10 17:55:12.115000,BTCUSDT,948869493,54898.39,0.04998,True,-2743.8215322,310008.39594569965,-1,80
2021-10-10 17:55:12.198000,BTCUSDT,948869494,54898.39,2e-05,True,-1.0979678000000002,310007.29797789967,-1,79
2021-10-10 17:55:12.474000,BTCUSDT,948869495,54894.92,0.07497,True,-4115.4721524,305891.82582549966,-1,78
2021-10-10 17:55:12.484000,BTCUSDT,948869496,54894.92,0.07497,True,-4115.4721524,301776.35367309966,-1,77
2021-10-10 17:55:12.976000,BTCUSDT,948869497,54894.93,0.07496,False,4114.9239528,305891.27762589965,1,78
2021-10-10 17:55:12.984000,BTCUSDT,948869498,54894.93,0.07496,False,4114.9239528,310006.20157869963,1,79
2021-10-10 17:55:13.192000,BTCUSDT,948869499,54894.92,0.0069,True,-378.774948,309627.42663069966,-1,78
2021-10-10 17:55:13.314000,BTCUSDT,948869500,54894.92,0.00554,True,-304.1178568,309323.3087738997,-1,77
2021-10-10 17:55:13.480000,BTCUSDT,948869501,54894.92,0.02694,True,-1478.8691448,307844.4396290997,-1,76
2021-10-10 17:55:13.480000,BTCUSDT,948869502,54894.42,0.04801,True,-2635.4811042,305208.9585248997,-1,75
2021-10-10 17:55:13.489000,BTCUSDT,948869503,54894.42,0.07495,True,-4114.336779,301094.62174589967,-1,74
2021-10-10 17:55:13.652000,BTCUSDT,948869504,54894.42,0.00101,True,-55.4433642,301039.17838169966,-1,73
2021-10-10 17:55:13.889000,BTCUSDT,948869505,54894.43,0.00779,False,427.6276097,301466.8059913997,1,74
2021-10-10 17:55:13.977000,BTCUSDT,948869506,54894.43,0.07494,False,4113.7885842000005,305580.5945755997,1,75
2021-10-10 17:55:13.988000,BTCUSDT,948869507,54894.43,0.07494,False,4113.7885842000005,309694.38315979973,1,76
2021-10-10 17:55:14.350000,BTCUSDT,948869508,54894.42,0.00157,True,-86.1842394,309608.1989203997,-1,75
2021-10-10 17:55:14.412000,BTCUSDT,948869509,54894.43,0.01279,False,702.0997596999999,310310.2986800997,1,76
2021-10-10 17:55:14.464000,BTCUSDT,948869510,54894.43,0.01279,False,702.0997596999999,311012.3984397997,1,77
2021-10-10 17:55:14.470000,BTCUSDT,948869511,54894.42,0.002,True,-109.78884,310902.60959979973,-1,76
2021-10-10 17:55:14.482000,BTCUSDT,948869512,54894.42,0.07493,True,-4113.2388906,306789.3707091997,-1,75
2021-10-10 17:55:14.492000,BTCUSDT,948869513,54894.42,0.07493,True,-4113.2388906,302676.13181859977,-1,74
2021-10-10 17:55:14.505000,BTCUSDT,948869514,54894.43,0.00029,False,15.9193847,302692.0512032998,1,75
2021-10-10 17:55:14.701000,BTCUSDT,948869515,54894.42,0.05109,True,-2804.5559178000003,299887.4952854998,-1,74
2021-10-10 17:55:14.786000,BTCUSDT,948869516,54894.43,0.05621,False,3085.6159103,302973.1111957998,1,75
2021-10-10 17:55:14.811000,BTCUSDT,948869517,54894.93,0.05118,False,2809.5225174,305782.63371319976,1,76
2021-10-10 17:55:14.812000,BTCUSDT,948869518,54894.93,0.006,False,329.36958,306112.00329319976,1,77
2021-10-10 17:55:14.817000,BTCUSDT,948869519,54898.34,0.00911,False,500.1238774,306612.12717059976,1,78
2021-10-10 17:55:14.817000,BTCUSDT,948869520,54898.39,0.04206,False,2309.0262834,308921.1534539998,1,79
2021-10-10 17:55:14.832000,BTCUSDT,948869521,54898.39,0.07404,False,4064.6767956,312985.83024959976,1,80
2021-10-10 17:55:14.833000,BTCUSDT,948869522,54898.39,0.04206,False,2309.0262834,315294.8565329998,1,81
2021-10-10 17:55:14.881000,BTCUSDT,948869523,54902.95,0.01208,True,-663.227636,314631.6288969997,-1,80
2021-10-10 17:55:14.911000,BTCUSDT,948869524,54902.96,0.00372,False,204.2390112,314835.8679081998,1,81
2021-10-10 17:55:14.973000,BTCUSDT,948869525,54902.95,0.00045,True,-24.7063275,314811.1615806998,-1,80
2021-10-10 17:55:14.981000,BTCUSDT,948869526,54902.96,0.0171,False,938.840616,315750.0021966998,1,81
2021-10-10 17:55:14.981000,BTCUSDT,948869527,54903.0,0.04,False,2196.12,317946.1221966998,1,82
2021-10-10 17:55:14.981000,BTCUSDT,948869528,54903.79,0.01782,False,978.3855378,318924.50773449976,1,83
2021-10-10 17:55:14.993000,BTCUSDT,948869529,54903.79,0.00218,False,119.6902622,319044.1979966998,1,84
2021-10-10 17:55:14.993000,BTCUSDT,948869530,54908.1,0.07274,False,3994.015194,323038.2131906997,1,85
2021-10-10 17:55:15.012000,BTCUSDT,948869531,54908.09,0.01761,True,-966.9314649,322071.2817257998,-1,84
2021-10-10 17:55:15.037000,BTCUSDT,948869532,54908.1,0.00481,True,-264.107961,321807.1737647998,-1,83
2021-10-10 17:55:15.060000,BTCUSDT,948869533,54908.11,0.00444,False,243.7920084,322050.9657731998,1,84
2021-10-10 17:55:15.154000,BTCUSDT,948869534,54908.11,0.00344,False,188.8838984,322239.8496715998,1,85
2021-10-10 17:55:15.212000,BTCUSDT,948869535,54908.1,0.40924,True,-22470.590844,299769.2588275998,-1,84
2021-10-10 17:55:15.486000,BTCUSDT,948869536,54908.1,0.07491,True,-4113.165771,295656.09305659984,-1,83
2021-10-10 17:55:15.495000,BTCUSDT,948869537,54908.1,0.01259,True,-691.2929790000001,294964.8000775998,-1,82
2021-10-10 17:55:15.495000,BTCUSDT,948869538,54908.08,0.00719,True,-394.7890952,294570.0109823998,-1,81
2021-10-10 17:55:15.495000,BTCUSDT,948869539,54902.97,0.05513,True,-3026.8007361,291543.2102462998,-1,80
2021-10-10 17:55:15.541000,BTCUSDT,948869540,54903.46,0.01324,False,726.9218104,292270.1320566998,1,81
2021-10-10 17:55:15.618000,BTCUSDT,948869541,54903.45,0.26936,True,-14788.793291999998,277481.33876469976,-1,80
2021-10-10 17:55:15.618000,BTCUSDT,948869542,54897.93,0.12939,True,-7103.2431627000005,270378.0956019998,-1,79
2021-10-10 17:55:15.618000,BTCUSDT,948869543,54897.92,0.09104,True,-4997.906636799999,265380.1889651998,-1,78
2021-10-10 17:55:15.618000,BTCUSDT,948869544,54897.1,0.0159,True,-872.8638900000001,264507.3250751998,-1,77
2021-10-10 17:55:15.668000,BTCUSDT,948869545,54897.11,0.15593,False,8560.106362300001,273067.4314374998,1,78
2021-10-10 17:55:15.668000,BTCUSDT,948869546,54897.11,0.00022,False,12.0773642,273079.50880169985,1,79
2021-10-10 17:55:15.721000,BTCUSDT,948869547,54897.11,0.00149,False,81.79669390000001,273161.30549559987,1,80
2021-10-10 17:55:15.755000,BTCUSDT,948869548,54897.11,0.05486,False,3011.6554546,276172.96095019986,1,81
2021-10-10 17:55:15.983000,BTCUSDT,948869549,54897.11,0.0749,False,4111.793538999999,280284.75448919984,1,82
2021-10-10 17:55:15.994000,BTCUSDT,948869550,54897.11,0.0749,False,4111.793538999999,284396.5480281998,1,83
2021-10-10 17:55:16.239000,BTCUSDT,948869551,54897.11,0.03741,False,2053.7008851,286450.2489132998,1,84
2021-10-10 17:55:16.346000,BTCUSDT,948869552,54897.11,1e-05,False,0.5489711,286450.7978843998,1,85
2021-10-10 17:55:16.346000,BTCUSDT,948869553,54900.09,0.00125,False,68.6251125,286519.4229968998,1,86
2021-10-10 17:55:16.346000,BTCUSDT,948869554,54902.09,0.00668,False,366.7459612,286886.1689580998,1,87
2021-10-10 17:55:16.412000,BTCUSDT,948869555,54901.64,0.00272,True,-149.3324608,286736.8364972998,-1,86
2021-10-10 17:55:16.438000,BTCUSDT,948869556,54901.64,0.00482,True,-264.6259048,286472.21059249976,-1,85
2021-10-10 17:55:16.463000,BTCUSDT,948869557,54899.74,0.00275,True,-150.97428499999998,286321.23630749976,-1,84
2021-10-10 17:55:16.489000,BTCUSDT,948869558,54899.74,0.02028,True,-1113.3667272,285207.86958029977,-1,83
2021-10-10 17:55:16.489000,BTCUSDT,948869559,54897.13,0.05461,True,-2997.9322693,282209.9373109998,-1,82
2021-10-10 17:55:16.498000,BTCUSDT,948869560,54897.13,0.07489,True,-4111.2460657,278098.69124529976,-1,81
2021-10-10 17:55:16.612000,BTCUSDT,948869561,54899.75,0.01804,False,990.39149,279089.0827352998,1,82
2021-10-10 17:55:16.986000,BTCUSDT,948869562,54899.75,0.07488,False,4110.89328,283199.9760152998,1,83
2021-10-10 17:55:16.993000,BTCUSDT,948869563,54899.75,0.07488,False,4110.89328,287310.8692952998,1,84
2021-10-10 17:55:17.059000,BTCUSDT,948869564,54899.74,0.00399,True,-219.0499626,287091.8193326998,-1,83
2021-10-10 17:55:17.352000,BTCUSDT,948869565,54899.74,0.00054,True,-29.6458596,287062.1734730998,-1,82
2021-10-10 17:55:17.487000,BTCUSDT,948869566,54899.74,0.07487,True,-4110.3435338,282951.82993929985,-1,81
2021-10-10 17:55:17.495000,BTCUSDT,948869567,54899.74,0.07487,True,-4110.3435338,278841.48640549986,-1,80
2021-10-10 17:55:17.504000,BTCUSDT,948869568,54899.74,0.00043,True,-23.6068882,278817.8795172999,-1,79
2021-10-10 17:55:17.987000,BTCUSDT,948869569,54899.75,0.07486,False,4109.795285,282927.6748022999,1,80
2021-10-10 17:55:17.999000,BTCUSDT,948869570,54899.75,0.07486,False,4109.795285,287037.4700872999,1,81
2021-10-10 17:55:18.058000,BTCUSDT,948869571,54899.7,0.00453,True,-248.695641,286788.7744462999,-1,80
2021-10-10 17:55:18.058000,BTCUSDT,948869572,54897.3,0.01499,True,-822.910527,285965.8639192999,-1,79
2021-10-10 17:55:18.346000,BTCUSDT,948869573,54897.31,0.00793,False,435.3356683,286401.1995875999,1,80
2021-10-10 17:55:18.409000,BTCUSDT,948869574,54897.3,0.00018,True,-9.881514,286391.3180735999,-1,79
2021-10-10 17:55:18.494000,BTCUSDT,948869575,54897.3,0.07485,True,-4109.062905,282282.2551685999,-1,78
2021-10-10 17:55:18.505000,BTCUSDT,948869576,54897.3,0.07485,True,-4109.062905,278173.1922635999,-1,77
2021-10-10 17:55:18.731000,BTCUSDT,948869577,54897.31,0.00422,False,231.6666482,278404.8589117999,1,78
2021-10-10 17:55:18.988000,BTCUSDT,948869578,54897.31,0.07484,False,4108.5146804,282513.37359219993,1,79
2021-10-10 17:55:18.998000,BTCUSDT,948869579,54897.31,0.07484,False,4108.5146804,286621.8882726,1,80
2021-10-10 17:55:19.278000,BTCUSDT,948869580,54897.31,0.00036,False,19.7630316,286641.65130419994,1,81
2021-10-10 17:55:19.346000,BTCUSDT,948869581,54897.31,0.00793,False,435.3356683,287076.9869725,1,82
2021-10-10 17:55:19.494000,BTCUSDT,948869582,54897.3,0.07483,True,-4107.964959,282969.0220134999,-1,81
2021-10-10 17:55:19.503000,BTCUSDT,948869583,54897.3,0.07483,True,-4107.964959,278861.0570544999,-1,80
2021-10-10 17:55:19.870000,BTCUSDT,948869584,54897.3,0.00045,True,-24.703785,278836.3532694999,-1,79
2021-10-10 17:55:19.990000,BTCUSDT,948869585,54897.31,0.07482,False,4107.4167342,282943.7700037,1,80
2021-10-10 17:55:19.998000,BTCUSDT,948869586,54897.31,0.07482,False,4107.4167342,287051.1867378999,1,81
2021-10-10 17:55:20.316000,BTCUSDT,948869587,54897.31,0.00032,False,17.5671392,287068.7538770999,1,82
2021-10-10 17:55:20.367000,BTCUSDT,948869588,54897.31,0.00032,False,17.5671392,287086.3210162999,1,83
2021-10-10 17:55:20.464000,BTCUSDT,948869589,54897.31,0.00032,False,17.5671392,287103.8881554999,1,84
2021-10-10 17:55:20.499000,BTCUSDT,948869590,54897.3,0.07481,True,-4106.867013,282997.02114249987,-1,83
2021-10-10 17:55:20.511000,BTCUSDT,948869591,54897.3,0.02767,True,-1519.008291,281478.0128514999,-1,82
2021-10-10 17:55:20.511000,BTCUSDT,948869592,54893.09,0.04714,True,-2587.6602626,278890.3525888999,-1,81
2021-10-10 17:55:20.710000,BTCUSDT,948869593,54895.92,0.0026,False,142.729392,279033.0819808999,1,82
2021-10-10 17:55:20.763000,BTCUSDT,948869594,54895.92,0.00032,False,17.5666944,279050.6486752999,1,83
2021-10-10 17:55:20.913000,BTCUSDT,948869595,54895.92,0.0026,False,142.729392,279193.3780672999,1,84
2021-10-10 17:55:20.993000,BTCUSDT,948869596,54895.92,0.0748,False,4106.214816000001,283299.5928832999,1,85
2021-10-10 17:55:21.004000,BTCUSDT,948869597,54895.92,0.0748,False,4106.214816000001,287405.80769929994,1,86
2021-10-10 17:55:21.228000,BTCUSDT,948869598,54895.91,0.00444,True,-243.73784040000004,287162.0698588999,-1,85
2021-10-10 17:55:21.349000,BTCUSDT,948869599,54895.91,0.00078,True,-42.8188098,287119.2510490999,-1,84
2021-10-10 17:55:21.361000,BTCUSDT,948869600,54895.91,0.00117,True,-64.22821470000001,287055.0228343999,-1,83
2021-10-10 17:55:21.417000,BTCUSDT,948869601,54895.91,0.00027,True,-14.8218957,287040.2009386999,-1,82
2021-10-10 17:55:21.496000,BTCUSDT,948869602,54895.91,0.07479,True,-4105.6651089,282934.5358297999,-1,81
2021-10-10 17:55:21.509000,BTCUSDT,948869603,54895.91,0.07479,True,-4105.6651089,278828.8707208999,-1,80
2021-10-10 17:55:21.512000,BTCUSDT,948869604,54895.92,0.0048,False,263.500416,279092.3711368999,1,81
2021-10-10 17:55:21.520000,BTCUSDT,948869605,54895.91,0.00898,True,-492.9652718,278599.4058650999,-1,80
2021-10-10 17:55:21.610000,BTCUSDT,948869606,54897.35,0.00333,False,182.8081755,278782.21404059994,1,81
2021-10-10 17:55:21.665000,BTCUSDT,948869607,54897.34,0.00062,True,-34.0363508,278748.1776897999,-1,80
2021-10-10 17:55:21.760000,BTCUSDT,948869608,54897.34,0.00423,True,-232.2157482,278515.9619415999,-1,79
2021-10-10 17:55:21.855000,BTCUSDT,948869609,54897.35,0.00063,False,34.5853305,278550.5472720999,1,80
2021-10-10 17:55:21.997000,BTCUSDT,948869610,54897.35,0.07478,False,4105.223833,282655.7711050999,1,81
2021-10-10 17:55:22.004000,BTCUSDT,948869611,54897.34,0.00076,True,-41.7219784,282614.04912669986,-1,80
2021-10-10 17:55:22.008000,BTCUSDT,948869612,54897.35,0.07478,False,4105.223833,286719.27295969985,1,81
2021-10-10 17:55:22.064000,BTCUSDT,948869613,54897.34,0.01456,True,-799.3052703999999,285919.96768929984,-1,80
2021-10-10 17:55:22.363000,BTCUSDT,948869614,54897.34,0.02039,True,-1119.3567626,284800.6109266998,-1,79
2021-10-10 17:55:22.493000,BTCUSDT,948869615,54897.35,0.00088,False,48.309668,284848.9205946998,1,80
2021-10-10 17:55:22.499000,BTCUSDT,948869616,54897.34,0.07477,True,-4104.6741118,280744.2464828998,-1,79
2021-10-10 17:55:22.512000,BTCUSDT,948869617,54897.34,0.07477,True,-4104.6741118,276639.57237109984,-1,78
2021-10-10 17:55:22.753000,BTCUSDT,948869618,54897.35,0.00395,False,216.8445325,276856.41690359986,1,79
2021-10-10 17:55:22.753000,BTCUSDT,948869619,54901.63,0.00666,False,365.6448558,277222.0617593999,1,80
2021-10-10 17:55:22.811000,BTCUSDT,948869620,54901.57,0.0013,False,71.372041,277293.4338003999,1,81
2021-10-10 17:55:22.891000,BTCUSDT,948869621,54897.61,0.00122,True,-66.9750842,277226.4587161999,-1,80
2021-10-10 17:55:23,BTCUSDT,948869622,54897.62,0.05,False,2744.8810000000003,279971.3397161999,1,81
2021-10-10 17:55:23,BTCUSDT,948869623,54901.32,0.02476,False,1359.3566832,281330.6963993999,1,82
2021-10-10 17:55:23.009000,BTCUSDT,948869624,54901.32,0.07475,False,4103.87367,285434.5700693999,1,83
2021-10-10 17:55:23.137000,BTCUSDT,948869625,54901.31,0.00398,True,-218.5072138,285216.0628555999,-1,82
2021-10-10 17:55:23.500000,BTCUSDT,948869626,54901.31,0.07474,True,-4103.3239094,281112.73894619994,-1,81
2021-10-10 17:55:23.512000,BTCUSDT,948869627,54901.31,0.07474,True,-4103.3239094,277009.4150368,-1,80
2021-10-10 17:55:24.002000,BTCUSDT,948869628,54899.13,0.07473,False,4102.6119849,281112.0270217,1,81
2021-10-10 17:55:24.010000,BTCUSDT,948869629,54899.13,0.07473,False,4102.6119849,285214.6390066,1,82
2021-10-10 17:55:24.503000,BTCUSDT,948869630,54899.14,0.07472,True,-4102.063740799999,281112.5752658,-1,81
2021-10-10 17:55:24.513000,BTCUSDT,948869631,54899.14,0.07472,True,-4102.063740799999,277010.511525,-1,80
2021-10-10 17:55:24.606000,BTCUSDT,948869632,54899.14,0.00156,True,-85.6426584,276924.8688666,-1,79
2021-10-10 17:55:24.659000,BTCUSDT,948869633,54899.15,0.00655,False,359.58943250000004,277284.4582991,1,80
2021-10-10 17:55:25.004000,BTCUSDT,948869634,54899.15,2e-05,False,1.0979830000000002,277285.5562821,1,81
2021-10-10 17:55:25.004000,BTCUSDT,948869635,54901.64,0.00553,False,303.6060692,277589.16235129995,1,82
2021-10-10 17:55:25.004000,BTCUSDT,948869636,54905.15,0.06916,False,3797.240174,281386.4025252999,1,83
2021-10-10 17:55:25.015000,BTCUSDT,948869637,54905.15,0.04927,False,2705.1767405,284091.5792658,1,84
2021-10-10 17:55:25.015000,BTCUSDT,948869638,54905.16,0.00911,False,500.1860076,284591.76527339994,1,85
2021-10-10 17:55:25.015000,BTCUSDT,948869639,54905.2,0.01632,False,896.052864,285487.8181374,1,86
2021-10-10 17:55:25.068000,BTCUSDT,948869640,54905.2,0.00032,False,17.569664,285505.3878014,1,87
2021-10-10 17:55:25.113000,BTCUSDT,948869641,54905.19,0.0005,True,-27.452595,285477.9352064,-1,86
2021-10-10 17:55:25.175000,BTCUSDT,948869642,54905.19,0.00367,True,-201.5020473,285276.4331591,-1,85
2021-10-10 17:55:25.221000,BTCUSDT,948869643,54905.2,0.00138,False,75.76917599999999,285352.2023351,1,86
2021-10-10 17:55:25.272000,BTCUSDT,948869644,54905.19,0.02185,True,-1199.6784015,284152.5239336,-1,85
2021-10-10 17:55:25.509000,BTCUSDT,948869645,54905.19,0.07469,True,-4100.868641100001,280051.6552925,-1,84
2021-10-10 17:55:25.518000,BTCUSDT,948869646,54905.19,0.07469,True,-4100.868641100001,275950.7866514,-1,83
2021-10-10 17:55:25.814000,BTCUSDT,948869647,54901.64,0.00814,False,446.8993496,276397.686001,1,84
2021-10-10 17:55:26.004000,BTCUSDT,948869648,54901.64,0.07468,False,4100.0544752,280497.7404762,1,85
2021-10-10 17:55:26.015000,BTCUSDT,948869649,54901.64,0.07468,False,4100.0544752,284597.7949514,1,86
2021-10-10 17:55:26.163000,BTCUSDT,948869650,54901.63,0.00361,True,-198.1948843,284399.6000671,-1,85
2021-10-10 17:55:26.212000,BTCUSDT,948869651,54901.63,0.00078,True,-42.8232714,284356.7767957,-1,84
2021-10-10 17:55:26.418000,BTCUSDT,948869652,54901.64,0.00745,False,409.017218,284765.79401370004,1,85
2021-10-10 17:55:26.506000,BTCUSDT,948869653,54901.63,0.07467,True,-4099.5047121,280666.2893016,-1,84
2021-10-10 17:55:26.518000,BTCUSDT,948869654,54901.63,0.07467,True,-4099.5047121,276566.7845895,-1,83
2021-10-10 17:55:26.908000,BTCUSDT,948869655,54901.63,0.00708,True,-388.7035404,276178.0810491,-1,82
2021-10-10 17:55:26.918000,BTCUSDT,948869656,54899.15,0.00063,True,-34.586464500000005,276143.4945846,-1,81
2021-10-10 17:55:27.010000,BTCUSDT,948869657,54901.32,0.07466,False,4098.9325512000005,280242.42713579995,1,82
2021-10-10 17:55:27.012000,BTCUSDT,948869658,54901.32,0.00069,False,37.8819108,280280.3090466,1,83
2021-10-10 17:55:27.019000,BTCUSDT,948869659,54901.32,0.07466,False,4098.9325512000005,284379.24159779993,1,84
2021-10-10 17:55:27.062000,BTCUSDT,948869660,54901.31,0.00239,True,-131.2141309,284248.02746689995,-1,83
2021-10-10 17:55:27.093000,BTCUSDT,948869661,54901.31,0.003,True,-164.70393,284083.3235369,-1,82
2021-10-10 17:55:27.364000,BTCUSDT,948869662,54901.31,0.0006,True,-32.940786,284050.38275089994,-1,81
2021-10-10 17:55:27.513000,BTCUSDT,948869663,54901.31,1e-05,True,-0.5490131,284049.8337378,-1,80
2021-10-10 17:55:27.513000,BTCUSDT,948869664,54897.31,0.00281,True,-154.26144109999998,283895.5722967,-1,79
2021-10-10 17:55:27.513000,BTCUSDT,948869665,54897.0,0.00049,True,-26.89953,283868.6727667,-1,78
2021-10-10 17:55:27.513000,BTCUSDT,948869666,54896.28,0.01409,True,-773.4885852,283095.1841815,-1,77
2021-10-10 17:55:27.513000,BTCUSDT,948869667,54896.27,0.02,True,-1097.9254,281997.2587815,-1,76
2021-10-10 17:55:27.513000,BTCUSDT,948869668,54896.17,0.02,True,-1097.9234,280899.3353815,-1,75
2021-10-10 17:55:27.513000,BTCUSDT,948869669,54895.01,0.01725,True,-946.9389225,279952.39645899995,-1,74
2021-10-10 17:55:27.522000,BTCUSDT,948869670,54895.01,0.07465,True,-4097.9124965,275854.48396249994,-1,73
2021-10-10 17:55:27.565000,BTCUSDT,948869671,54895.02,0.03136,False,1721.5078271999998,277575.99178969994,1,74
2021-10-10 17:55:27.711000,BTCUSDT,948869672,54895.02,0.00046,False,25.2517092,277601.2434988999,1,75
2021-10-10 17:55:27.747000,BTCUSDT,948869673,54895.02,0.00182,False,99.9089364,277701.15243529994,1,76
2021-10-10 17:55:28.009000,BTCUSDT,948869674,54895.02,0.07464,False,4097.3642928,281798.5167281,1,77
2021-10-10 17:55:28.018000,BTCUSDT,948869675,54895.02,0.07464,False,4097.3642928,285895.8810209,1,78
2021-10-10 17:55:28.089000,BTCUSDT,948869676,54895.01,0.00082,False,45.0139082,285940.8949291,1,79
2021-10-10 17:55:28.311000,BTCUSDT,948869677,54895.01,0.00032,False,17.566403200000003,285958.4613323,1,80
2021-10-10 17:55:28.323000,BTCUSDT,948869678,54895.0,0.04,True,-2195.8,283762.6613323,-1,79
2021-10-10 17:55:28.367000,BTCUSDT,948869679,54894.43,0.00032,False,17.5662176,283780.2275499,1,80
2021-10-10 17:55:28.412000,BTCUSDT,948869680,54894.42,0.00302,True,-165.7811484,283614.4464015,-1,79
2021-10-10 17:55:28.412000,BTCUSDT,948869681,54890.36,0.01248,True,-685.0316928,282929.41470870003,-1,78
2021-10-10 17:55:28.466000,BTCUSDT,948869682,54888.24,0.03736,False,2050.6246464,284980.0393551,1,79
2021-10-10 17:55:28.513000,BTCUSDT,948869683,54888.23,0.07463,True,-4096.3086049,280883.7307502,-1,78
2021-10-10 17:55:28.514000,BTCUSDT,948869684,54888.24,0.04386,False,2407.3982064,283291.1289566,1,79
2021-10-10 17:55:28.522000,BTCUSDT,948869685,54888.23,0.07463,True,-4096.3086049,279194.82035169995,-1,78
2021-10-10 17:55:28.534000,BTCUSDT,948869686,54888.24,0.7966,False,43723.971984,322918.79233569995,1,79
2021-10-10 17:55:28.563000,BTCUSDT,948869687,54888.24,0.00073,False,40.0684152,322958.86075089994,1,80
2021-10-10 17:55:28.615000,BTCUSDT,948869688,54888.24,0.07861,False,4314.7645464,327273.62529729994,1,81
2021-10-10 17:55:28.670000,BTCUSDT,948869689,54888.24,0.02109,False,1157.5929816,328431.2182789,1,82
2021-10-10 17:55:28.705000,BTCUSDT,948869690,54888.24,0.00111,False,60.9259464,328492.14422529994,1,83
2021-10-10 17:55:28.710000,BTCUSDT,948869691,54888.24,0.26261,False,14414.2007064,342906.3449316999,1,84
2021-10-10 17:55:28.738000,BTCUSDT,948869692,54888.24,0.00398,False,218.4551952,343124.8001268999,1,85
2021-10-10 17:55:28.813000,BTCUSDT,948869693,54888.24,0.02109,False,1157.5929816,344282.39310849993,1,86
2021-10-10 17:55:29.011000,BTCUSDT,948869694,54893.99,0.07462,False,4096.1895338,348378.58264229994,1,87
2021-10-10 17:55:29.019000,BTCUSDT,948869695,54893.99,0.07462,False,4096.1895338,352474.77217609994,1,88
2021-10-10 17:55:29.516000,BTCUSDT,948869696,54893.98,0.07461,True,-4095.6398478,348379.1323282999,-1,87
2021-10-10 17:55:29.524000,BTCUSDT,948869697,54893.98,0.07461,True,-4095.6398478,344283.4924804999,-1,86
2021-10-10 17:55:29.647000,BTCUSDT,948869698,54893.99,0.07543,False,4140.6536657,348424.1461461999,1,87
2021-10-10 17:55:29.708000,BTCUSDT,948869699,54893.99,0.05623,False,3086.6890577,351510.8352038999,1,88
2021-10-10 17:55:29.909000,BTCUSDT,948869700,54894.0,0.00425,False,233.2995,351744.1347038999,1,89
2021-10-10 17:55:30.016000,BTCUSDT,948869701,54894.0,0.01575,False,864.5805,352608.7152038999,1,90
2021-10-10 17:55:30.016000,BTCUSDT,948869702,54894.03,0.003,False,164.68209,352773.3972938999,1,91
2021-10-10 17:55:30.016000,BTCUSDT,948869703,54898.77,0.01,False,548.9877,353322.3849938999,1,92
2021-10-10 17:55:30.016000,BTCUSDT,948869704,54899.45,0.04585,False,2517.1397825,355839.5247763999,1,93
2021-10-10 17:55:30.027000,BTCUSDT,948869705,54897.48,0.07459,False,4094.8030332,359934.32780959987,1,94
2021-10-10 17:55:30.520000,BTCUSDT,948869706,54897.25,0.006,True,-329.3835,359604.9443095999,-1,93
2021-10-10 17:55:30.520000,BTCUSDT,948869707,54894.38,0.06038,True,-3314.5226644,356290.4216451999,-1,92
2021-10-10 17:55:30.520000,BTCUSDT,948869708,54894.34,0.0082,True,-450.133588,355840.28805719985,-1,91
2021-10-10 17:55:30.530000,BTCUSDT,948869709,54894.34,0.07458,True,-4094.0198772,351746.26817999984,-1,90
2021-10-10 17:55:30.691000,BTCUSDT,948869710,54894.06,0.00482,False,264.5893692,352010.85754919983,1,91
2021-10-10 17:55:30.805000,BTCUSDT,948869711,54894.06,0.00404,False,221.7720024,352232.62955159985,1,92
2021-10-10 17:55:31.008000,BTCUSDT,948869712,54894.05,0.07805,True,-4284.4806025,347948.1489490998,-1,91
2021-10-10 17:55:31.019000,BTCUSDT,948869713,54891.72,0.07457,False,4093.2755604,352041.4245094998,1,92
2021-10-10 17:55:31.030000,BTCUSDT,948869714,54891.72,0.06389,False,3507.0319908,355548.4565002998,1,93
2021-10-10 17:55:31.030000,BTCUSDT,948869715,54894.05,0.01068,False,586.268454,356134.7249542998,1,94
2021-10-10 17:55:31.056000,BTCUSDT,948869716,54891.71,0.23886,True,-13111.4338506,343023.2911036998,-1,93
2021-10-10 17:55:31.056000,BTCUSDT,948869717,54891.7,0.28,True,-15369.676,327653.61510369985,-1,92
2021-10-10 17:55:31.056000,BTCUSDT,948869718,54890.44,0.06464,True,-3548.1180416,324105.49706209986,-1,91
2021-10-10 17:55:31.056000,BTCUSDT,948869719,54890.43,0.18455,True,-10130.0288565,313975.4682055999,-1,90
2021-10-10 17:55:31.056000,BTCUSDT,948869720,54889.0,0.01,True,-548.89,313426.57820559986,-1,89
2021-10-10 17:55:31.056000,BTCUSDT,948869721,54888.93,0.0749,True,-4111.180856999999,309315.39734859986,-1,88
2021-10-10 17:55:31.115000,BTCUSDT,948869722,54888.94,0.00359,False,197.0512946,309512.44864319987,1,89
2021-10-10 17:55:31.203000,BTCUSDT,948869723,54888.94,0.01436,False,788.2051784,310300.65382159984,1,90
2021-10-10 17:55:31.520000,BTCUSDT,948869724,54891.67,0.07456,True,-4092.7229152,306207.93090639985,-1,89
2021-10-10 17:55:31.530000,BTCUSDT,948869725,54891.68,0.00018,False,9.8805024,306217.81140879984,1,90
2021-10-10 17:55:31.533000,BTCUSDT,948869726,54891.67,0.07456,True,-4092.7229152,302125.08849359985,-1,89
2021-10-10 17:55:31.712000,BTCUSDT,948869727,54891.68,0.0058,False,318.371744,302443.46023759985,1,90
2021-10-10 17:55:31.828000,BTCUSDT,948869728,54891.67,0.23537,True,-12919.8523679,289523.60786969983,-1,89
2021-10-10 17:55:32.020000,BTCUSDT,948869729,54891.68,2e-05,False,1.0978336000000002,289524.70570329984,1,90
2021-10-10 17:55:32.020000,BTCUSDT,948869730,54893.68,0.07453,False,4091.2259704,293615.9316736998,1,91
2021-10-10 17:55:32.033000,BTCUSDT,948869731,54893.26,0.04705,False,2582.727883,296198.6595566998,1,92
2021-10-10 17:55:32.033000,BTCUSDT,948869732,54893.69,0.0275,False,1509.576475,297708.2360316998,1,93
2021-10-10 17:55:32.526000,BTCUSDT,948869733,54893.68,0.07454,True,-4091.7749072,293616.4611244998,-1,92
2021-10-10 17:55:32.537000,BTCUSDT,948869734,54893.68,0.07454,True,-4091.7749072,289524.6862172998,-1,91
2021-10-10 17:55:33.023000,BTCUSDT,948869735,54893.69,0.07453,False,4091.2267157,293615.9129329998,1,92
2021-10-10 17:55:33.035000,BTCUSDT,948869736,54893.69,0.07453,False,4091.2267157,297707.1396486998,1,93
2021-10-10 17:55:33.530000,BTCUSDT,948869737,54893.68,0.07452,True,-4090.6770336,293616.4626150998,-1,92
2021-10-10 17:55:33.538000,BTCUSDT,948869738,54893.68,0.07452,True,-4090.6770336,289525.7855814998,-1,91
2021-10-10 17:55:33.636000,BTCUSDT,948869739,54893.68,0.006,True,-329.36208,289196.4235014998,-1,90
2021-10-10 17:55:33.636000,BTCUSDT,948869740,54889.41,0.00694,True,-380.9325054,288815.49099609983,-1,89
2021-10-10 17:55:33.645000,BTCUSDT,948869741,54889.41,0.03691,True,-2025.9681231,286789.52287299983,-1,88
2021-10-10 17:55:33.645000,BTCUSDT,948869742,54889.4,0.01,True,-548.894,286240.62887299986,-1,87
2021-10-10 17:55:33.645000,BTCUSDT,948869743,54889.0,0.02,True,-1097.78,285142.84887299984,-1,86
2021-10-10 17:55:33.645000,BTCUSDT,948869744,54888.93,0.0321,True,-1761.9346529999998,283380.91421999986,-1,85
2021-10-10 17:55:33.655000,BTCUSDT,948869745,54888.93,0.0731,True,-4012.380783,279368.5334369999,-1,84
2021-10-10 17:55:33.670000,BTCUSDT,948869746,54892.93,0.00482,False,264.5839226,279633.1173595999,1,85
2021-10-10 17:55:33.743000,BTCUSDT,948869747,54891.93,0.00064,False,35.1308352,279668.24819479993,1,86
2021-10-10 17:55:33.777000,BTCUSDT,948869748,54889.85,0.00482,False,264.569077,279932.8172718,1,87
2021-10-10 17:55:33.812000,BTCUSDT,948869749,54889.85,0.13654,False,7494.660118999999,287427.4773908,1,88
2021-10-10 17:55:33.835000,BTCUSDT,948869750,54889.84,0.00133,True,-73.0034872,287354.47390359995,-1,87
2021-10-10 17:55:33.895000,BTCUSDT,948869751,54889.93,0.00735,True,-403.4409855,286951.03291809995,-1,86
2021-10-10 17:55:33.907000,BTCUSDT,948869752,54889.93,0.0291,True,-1597.296963,285353.7359551,-1,85
2021-10-10 17:55:33.907000,BTCUSDT,948869753,54889.88,0.00481,True,-264.0203228,285089.7156323,-1,84
2021-10-10 17:55:33.907000,BTCUSDT,948869754,54889.85,0.02126,True,-1166.958211,283922.7574213,-1,83
2021-10-10 17:55:33.907000,BTCUSDT,948869755,54889.84,0.06058,True,-3325.2265072,280597.5309141,-1,82
2021-10-10 17:56:47.584000,BTCUSDT,948871217,54887.77,0.00183,False,100.4446191,100.4446191,1,1
2021-10-10 17:56:47.654000,BTCUSDT,948871218,54887.77,0.00062,False,34.0304174,134.4750365,1,2
2021-10-10 17:56:47.837000,BTCUSDT,948871219,54887.76,0.00897,True,-492.34320720000005,-357.86817070000006,-1,1
2021-10-10 17:56:47.923000,BTCUSDT,948871220,54887.77,0.07498,False,4115.4849946,3757.6168239,1,2
2021-10-10 17:56:47.937000,BTCUSDT,948871221,54891.73,0.07498,False,4115.781915400001,7873.398739300001,1,3
2021-10-10 17:56:47.993000,BTCUSDT,948871222,54891.73,0.0043,True,-236.034439,7637.364300300001,-1,2
2021-10-10 17:56:48.013000,BTCUSDT,948871223,54891.73,0.00057,True,-31.2882861,7606.076014200001,-1,1
2021-10-10 17:56:48.064000,BTCUSDT,948871224,54891.73,0.00055,True,-30.190451500000005,7575.885562700001,-1,0
2021-10-10 17:56:48.108000,BTCUSDT,948871225,54891.74,0.06323,False,3470.8047202,11046.6902829,1,1
2021-10-10 17:56:48.110000,BTCUSDT,948871226,54891.74,0.06323,False,3470.8047202,14517.4950031,1,2
2021-10-10 17:56:48.419000,BTCUSDT,948871227,54891.73,0.07497,True,-4115.2329981,10402.262005,-1,1
2021-10-10 17:56:48.432000,BTCUSDT,948871228,54891.73,0.07497,True,-4115.2329981,6287.0290069,-1,0
2021-10-10 17:56:48.929000,BTCUSDT,948871229,54891.74,0.07496,False,4114.6848304,10401.7138373,1,1
2021-10-10 17:56:48.941000,BTCUSDT,948871230,54891.74,0.07496,False,4114.6848304,14516.3986677,1,2
2021-10-10 17:56:48.954000,BTCUSDT,948871231,54891.74,0.00362,False,198.7080988,14715.1067665,1,3
2021-10-10 17:56:48.954000,BTCUSDT,948871232,54893.88,0.02788,False,1530.4413744,16245.5481409,1,4
2021-10-10 17:56:48.954000,BTCUSDT,948871233,54893.89,0.04346,False,2385.6884594,18631.2366003,1,5
2021-10-10 17:56:48.964000,BTCUSDT,948871234,54893.89,0.01617,False,887.6342013,19518.8708016,1,6
2021-10-10 17:56:48.964000,BTCUSDT,948871235,54894.61,0.02,False,1097.8922,20616.7630016,1,7
2021-10-10 17:56:48.964000,BTCUSDT,948871236,54894.99,0.00559,False,306.8629941,20923.6259957,1,8
2021-10-10 17:56:48.964000,BTCUSDT,948871237,54895.33,0.02,False,1097.9066,22021.532595699995,1,9
2021-10-10 17:56:48.964000,BTCUSDT,948871238,54895.86,0.00182,False,99.9104652,22121.4430609,1,10
2021-10-10 17:56:48.964000,BTCUSDT,948871239,54895.87,0.00634,False,348.03981580000004,22469.4828767,1,11
2021-10-10 17:56:48.964000,BTCUSDT,948871240,54897.14,0.00504,False,276.6815856,22746.164462299992,1,12
2021-10-10 17:56:48.979000,BTCUSDT,948871241,54895.9,0.07496,False,4114.996664,26861.1611263,1,13
2021-10-10 17:56:48.993000,BTCUSDT,948871242,54893.89,0.07496,False,4114.8459944,30976.0071207,1,14
2021-10-10 17:56:49.263000,BTCUSDT,948871243,54894.05,0.0468,True,-2569.04154,28406.965580699994,-1,13
2021-10-10 17:56:49.420000,BTCUSDT,948871244,54894.05,0.07499,True,-4116.5048095,24290.460771199992,-1,12
2021-10-10 17:56:49.431000,BTCUSDT,948871245,54894.05,0.07499,True,-4116.5048095,20173.95596169999,-1,11
2021-10-10 17:56:49.439000,BTCUSDT,948871246,54894.05,0.07499,True,-4116.5048095,16057.45115219999,-1,10
2021-10-10 17:56:49.450000,BTCUSDT,948871247,54894.05,0.07499,True,-4116.5048095,11940.94634269999,-1,9
2021-10-10 17:56:49.458000,BTCUSDT,948871248,54894.05,0.00765,True,-419.9394825,11521.00686019999,-1,8
2021-10-10 17:56:49.458000,BTCUSDT,948871249,54894.04,0.06734,True,-3696.5646536,7824.44220659999,-1,7
2021-10-10 17:56:49.471000,BTCUSDT,948871250,54894.04,0.02371,True,-1301.5376884,6522.90451819999,-1,6
2021-10-10 17:56:49.471000,BTCUSDT,948871251,54892.42,0.05112,True,-2806.1005104,3716.8040077999904,-1,5
2021-10-10 17:56:49.593000,BTCUSDT,948871252,54892.42,0.00233,False,127.8993386,3844.703346399991,1,6
2021-10-10 17:56:49.686000,BTCUSDT,948871253,54892.41,0.13658,True,-7497.2053578,-3652.50201140001,-1,5
2021-10-10 17:56:49.763000,BTCUSDT,948871254,54891.74,0.04696,False,2577.7161104,-1074.7859010000095,1,6
2021-10-10 17:56:49.817000,BTCUSDT,948871255,54891.74,0.04694,False,2576.6182756,1501.83237459999,1,7
2021-10-10 17:56:49.862000,BTCUSDT,948871256,54891.74,0.04757,False,2611.2000718,4113.03244639999,1,8
2021-10-10 17:56:49.906000,BTCUSDT,948871257,54891.73,0.00159,True,-87.2778507,4025.7545956999897,-1,7
2021-10-10 17:56:49.924000,BTCUSDT,948871258,54891.74,0.07498,False,4115.7826652,8141.53726089999,1,8
2021-10-10 17:56:49.939000,BTCUSDT,948871259,54891.74,0.07498,False,4115.7826652,12257.31992609999,1,9
2021-10-10 17:56:49.948000,BTCUSDT,948871260,54891.74,0.07498,False,4115.7826652,16373.10259129999,1,10
2021-10-10 17:56:49.961000,BTCUSDT,948871261,54891.74,0.07498,False,4115.7826652,20488.88525649999,1,11
2021-10-10 17:56:49.962000,BTCUSDT,948871262,54891.74,0.04684,False,2571.1291016,23060.01435809999,1,12
2021-10-10 17:56:50.015000,BTCUSDT,948871263,54891.74,0.0504,False,2766.543696,25826.55805409999,1,13
2021-10-10 17:56:50.063000,BTCUSDT,948871264,54891.74,0.05041,False,2767.0926134,28593.65066749999,1,14
2021-10-10 17:56:50.113000,BTCUSDT,948871265,54891.74,0.02654,False,1456.8267796,30050.47744709999,1,15
2021-10-10 17:56:50.422000,BTCUSDT,948871266,54891.73,0.07499,True,-4116.3308327,25934.14661439999,-1,14
2021-10-10 17:56:50.432000,BTCUSDT,948871267,54891.73,0.07499,True,-4116.3308327,21817.81578169999,-1,13
2021-10-10 17:56:50.439000,BTCUSDT,948871268,54891.69,0.00551,True,-302.45321190000004,21515.36256979999,-1,12
2021-10-10 17:56:50.439000,BTCUSDT,948871269,54885.3,0.06948,True,-3813.430644,17701.93192579999,-1,11
2021-10-10 17:56:50.452000,BTCUSDT,948871270,54886.97,0.07495,True,-4113.778401500001,13588.153524299987,-1,10
2021-10-10 17:56:50.604000,BTCUSDT,948871271,54889.6,0.00266,False,146.006336,13734.15986029999,1,11
2021-10-10 17:56:50.724000,BTCUSDT,948871272,54889.6,0.0008,False,43.91168,13778.071540299989,1,12
2021-10-10 17:56:50.838000,BTCUSDT,948871273,54889.59,0.00236,True,-129.5394324,13648.532107899988,-1,11
2021-10-10 17:56:50.933000,BTCUSDT,948871274,54889.6,0.07498,False,4115.622208,17764.15431589999,1,12
2021-10-10 17:56:50.951000,BTCUSDT,948871275,54889.6,0.00926,False,508.27769599999993,18272.43201189999,1,13
2021-10-10 17:56:50.951000,BTCUSDT,948871276,54890.28,0.06572,False,3607.3892016,21879.82121349999,1,14
2021-10-10 17:56:50.970000,BTCUSDT,948871277,54891.19,0.01967,False,1079.7097073,22959.53092079999,1,15
2021-10-10 17:56:50.970000,BTCUSDT,948871278,54891.73,0.05531,False,3036.0615863000003,25995.592507099987,1,16
2021-10-10 17:56:50.983000,BTCUSDT,948871279,54891.73,0.07498,False,4115.781915400001,30111.37442249999,1,17
2021-10-10 17:56:50.995000,BTCUSDT,948871280,54892.42,0.00999,False,548.3752758,30659.74969829999,1,18
2021-10-10 17:56:50.995000,BTCUSDT,948871281,54895.89,0.06499,False,3567.6838911000004,34227.43358939999,1,19
2021-10-10 17:56:51.179000,BTCUSDT,948871282,54895.67,0.00181,False,99.3611627,34326.79475209999,1,20
2021-10-10 17:56:51.204000,BTCUSDT,948871283,54895.67,0.00163,False,89.47994209999999,34416.27469419999,1,21
2021-10-10 17:56:51.267000,BTCUSDT,948871284,54892.51,0.00163,False,89.4747913,34505.74948549999,1,22
2021-10-10 17:56:51.430000,BTCUSDT,948871285,54892.5,0.07499,True,-4116.388575,30389.36091049999,-1,21
2021-10-10 17:56:51.438000,BTCUSDT,948871286,54892.5,0.07499,True,-4116.388575,26272.972335499988,-1,20
2021-10-10 17:56:51.445000,BTCUSDT,948871287,54892.5,0.07499,True,-4116.388575,22156.583760499987,-1,19
2021-10-10 17:56:51.461000,BTCUSDT,948871288,54892.5,0.07499,True,-4116.388575,18040.195185499982,-1,18
2021-10-10 17:56:51.471000,BTCUSDT,948871289,54892.5,0.07494,True,-4113.643950000001,13926.551235499985,-1,17
2021-10-10 17:56:51.702000,BTCUSDT,948871290,54892.51,0.06631,False,3639.9223381,17566.473573599986,1,18
2021-10-10 17:56:52.124000,BTCUSDT,948871291,54892.51,0.07498,False,4115.8403998,21682.313973399985,1,19
2021-10-10 17:56:52.176000,BTCUSDT,948871292,54892.5,0.003,True,-164.6775,21517.636473399984,-1,18
2021-10-10 17:56:52.190000,BTCUSDT,948871293,54892.51,0.07498,False,4115.8403998,25633.476873199983,1,19
2021-10-10 17:56:52.243000,BTCUSDT,948871294,54892.51,0.0048,False,263.484048,25896.96092119998,1,20
2021-10-10 17:56:52.304000,BTCUSDT,948871295,54892.5,0.0017,True,-93.31725,25803.64367119998,-1,19
2021-10-10 17:56:52.307000,BTCUSDT,948871296,54892.5,0.01255,True,-688.900875,25114.742796199986,-1,18
2021-10-10 17:56:52.392000,BTCUSDT,948871297,54892.51,0.05616,False,3082.7633616000003,28197.50615779998,1,19
2021-10-10 17:56:52.586000,BTCUSDT,948871298,54892.5,0.07497,True,-4115.290725,24082.21543279998,-1,18
2021-10-10 17:56:52.598000,BTCUSDT,948871299,54892.5,0.07497,True,-4115.290725,19966.924707799983,-1,17
2021-10-10 17:56:52.878000,BTCUSDT,948871300,54892.5,0.00172,True,-94.4151,19872.509607799984,-1,16
2021-10-10 17:56:52.914000,BTCUSDT,948871301,54892.51,0.00606,False,332.64861060000004,20205.158218399985,1,17
2021-10-10 17:56:52.957000,BTCUSDT,948871302,54892.5,0.08153,True,-4475.385525000001,15729.772693399984,-1,16
2021-10-10 17:56:53.043000,BTCUSDT,948871303,54892.51,0.01191,False,653.7697941,16383.542487499984,1,17
2021-10-10 17:56:53.100000,BTCUSDT,948871304,54892.5,0.02533,True,-1390.427025,14993.115462499984,-1,16
2021-10-10 17:56:53.107000,BTCUSDT,948871305,54892.51,0.07496,False,4114.7425496000005,19107.858012099983,1,17
2021-10-10 17:56:53.132000,BTCUSDT,948871306,54892.51,0.07496,False,4114.7425496000005,23222.600561699983,1,18
2021-10-10 17:56:53.147000,BTCUSDT,948871307,54892.51,0.07496,False,4114.7425496000005,27337.343111299982,1,19
2021-10-10 17:56:53.159000,BTCUSDT,948871308,54892.51,0.07496,False,4114.7425496000005,31452.085660899986,1,20
2021-10-10 17:56:53.161000,BTCUSDT,948871309,54892.5,0.00212,True,-116.3721,31335.71356089998,-1,19
2021-10-10 17:56:53.237000,BTCUSDT,948871310,54892.5,0.00126,True,-69.16455,31266.54901089998,-1,18
2021-10-10 17:56:53.428000,BTCUSDT,948871311,54892.5,0.00181,True,-99.355425,31167.19358589998,-1,17
2021-10-10 17:56:53.524000,BTCUSDT,948871312,54892.51,0.0002,False,10.978502,31178.17208789998,1,18
2021-10-10 17:56:53.598000,BTCUSDT,948871313,54892.5,0.07499,True,-4116.388575,27061.78351289998,-1,17
2021-10-10 17:56:53.610000,BTCUSDT,948871314,54892.5,0.07499,True,-4116.388575,22945.39493789998,-1,16
2021-10-10 17:56:53.619000,BTCUSDT,948871315,54892.5,0.07499,True,-4116.388575,18829.00636289997,-1,15
2021-10-10 17:56:53.627000,BTCUSDT,948871316,54892.5,0.00272,True,-149.3076,18679.698762899978,-1,14
2021-10-10 17:56:53.627000,BTCUSDT,948871317,54892.49,0.07217,True,-3961.5910033,14718.107759599978,-1,13
2021-10-10 17:56:53.692000,BTCUSDT,948871318,54892.48,0.01192,True,-654.3183616,14063.789397999975,-1,12
2021-10-10 17:56:53.758000,BTCUSDT,948871319,54890.0,0.00204,False,111.9756,14175.764997999975,1,13
2021-10-10 17:56:53.762000,BTCUSDT,948871320,54890.0,0.01821,False,999.5469,15175.311897999976,1,14
2021-10-10 17:56:54.099000,BTCUSDT,948871321,54890.0,0.07498,False,4115.6522,19290.96409799997,1,15
2021-10-10 17:57:33.394000,BTCUSDT,948872270,54884.08,0.006,True,-329.30448,-329.30448,-1,-1
2021-10-10 17:57:33.394000,BTCUSDT,948872271,54881.33,0.06899,True,-3786.2629567,-4115.5674367,-1,-2
2021-10-10 17:57:33.409000,BTCUSDT,948872272,54884.07,0.07499,True,-4115.7564093,-8231.323846,-1,-3
2021-10-10 17:57:33.420000,BTCUSDT,948872273,54884.07,0.06501,True,-3568.0133907,-11799.3372367,-1,-4
2021-10-10 17:57:33.420000,BTCUSDT,948872274,54881.34,0.00998,True,-547.7157732,-12347.0530099,-1,-5
2021-10-10 17:57:33.513000,BTCUSDT,948872275,54881.33,0.02499,False,1371.4844367,-10975.568573199998,1,-4
2021-10-10 17:57:33.533000,BTCUSDT,948872276,54881.32,0.00889,True,-487.8949348,-11463.463508,-1,-5
2021-10-10 17:57:33.558000,BTCUSDT,948872277,54881.33,0.006,False,329.28798,-11134.175528,1,-4
2021-10-10 17:57:33.783000,BTCUSDT,948872278,54881.32,0.01162,True,-637.7209384,-11771.8964664,-1,-5
2021-10-10 17:57:33.814000,BTCUSDT,948872279,54881.33,1e-05,False,0.5488133000000001,-11771.3476531,1,-4
2021-10-10 17:57:33.814000,BTCUSDT,948872280,54886.8,0.07499,False,4115.961132,-7655.386521099999,1,-3
2021-10-10 17:57:33.826000,BTCUSDT,948872281,54884.72,0.075,False,4116.354,-3539.032521099999,1,-2
2021-10-10 17:57:33.837000,BTCUSDT,948872282,54884.72,0.075,False,4116.354,577.3214789000012,1,-1
2021-10-10 17:57:33.846000,BTCUSDT,948872283,54884.72,0.075,False,4116.354,4693.6754789000015,1,0
2021-10-10 17:57:33.855000,BTCUSDT,948872284,54890.08,0.00911,False,500.0486288,5193.724107700002,1,1
2021-10-10 17:57:33.855000,BTCUSDT,948872285,54891.0,0.02014,False,1105.50474,6299.228847700002,1,2
2021-10-10 17:57:33.855000,BTCUSDT,948872286,54891.79,0.04575,False,2511.2993925,8810.528240200001,1,3
2021-10-10 17:57:33.859000,BTCUSDT,948872287,54886.79,0.00229,True,-125.6907491,8684.837491100001,-1,2
2021-10-10 17:57:33.863000,BTCUSDT,948872288,54888.26,0.07499,False,4116.070617400001,12800.908108500002,1,3
2021-10-10 17:57:33.871000,BTCUSDT,948872289,54888.26,0.07492,False,4112.2284392,16913.1365477,1,4
2021-10-10 17:57:34.315000,BTCUSDT,948872290,54889.69,0.04576,True,-2511.7522144000004,14401.3843333,-1,3
2021-10-10 17:57:34.315000,BTCUSDT,948872291,54887.21,0.02921,True,-1603.2554041,12798.1289292,-1,2
2021-10-10 17:57:34.324000,BTCUSDT,948872292,54887.22,0.07497,True,-4114.8948834,8683.2340458,-1,1
2021-10-10 17:57:34.341000,BTCUSDT,948872293,54887.22,0.07497,True,-4114.8948834,4568.3391624,-1,0
2021-10-10 17:57:34.354000,BTCUSDT,948872294,54887.22,0.01702,True,-934.1804844,3634.158678,-1,-1
2021-10-10 17:57:34.354000,BTCUSDT,948872295,54887.21,0.05795,True,-3180.7138195,453.4448584999996,-1,-2
2021-10-10 17:57:34.366000,BTCUSDT,948872296,54887.21,0.00391,True,-214.60899110000005,238.8358673999996,-1,-3
2021-10-10 17:57:34.366000,BTCUSDT,948872297,54886.61,0.01606,True,-881.4789566000001,-642.6430892000005,-1,-4
2021-10-10 17:57:34.366000,BTCUSDT,948872298,54884.74,0.055,True,-3018.6607,-3661.3037892,-1,-5
2021-10-10 17:57:34.384000,BTCUSDT,948872299,54881.36,0.07497,True,-4114.4555592,-7775.7593484,-1,-6
2021-10-10 17:57:34.401000,BTCUSDT,948872300,54881.36,0.07497,True,-4114.4555592,-11890.2149076,-1,-7
2021-10-10 17:57:34.417000,BTCUSDT,948872301,54881.36,0.07497,True,-4114.4555592,-16004.670466799998,-1,-8
2021-10-10 17:57:34.430000,BTCUSDT,948872302,54883.19,0.04554,True,-2499.3804726,-18504.0509394,-1,-9
2021-10-10 17:57:34.430000,BTCUSDT,948872303,54881.35,0.02943,True,-1615.1581305,-20119.2090699,-1,-10
2021-10-10 17:57:34.438000,BTCUSDT,948872304,54883.2,0.07495,False,4113.49584,-16005.713229899997,1,-9
2021-10-10 17:57:34.449000,BTCUSDT,948872305,54883.2,0.075,False,4116.24,-11889.473229899995,1,-8
2021-10-10 17:57:34.461000,BTCUSDT,948872306,54883.2,0.075,False,4116.24,-7773.233229899997,1,-7
2021-10-10 17:57:34.464000,BTCUSDT,948872307,54883.2,0.00205,False,112.51056,-7660.722669899997,1,-6
2021-10-10 17:57:34.472000,BTCUSDT,948872308,54883.2,0.075,False,4116.24,-3544.4826698999977,1,-5
2021-10-10 17:57:34.481000,BTCUSDT,948872309,54883.2,0.075,False,4116.24,571.757330100002,1,-4
2021-10-10 17:57:34.484000,BTCUSDT,948872310,54883.2,0.01398,False,767.2671359999999,1339.024466100002,1,-3
2021-10-10 17:57:34.485000,BTCUSDT,948872311,54883.2,0.01398,False,767.2671359999999,2106.291602100002,1,-2
2021-10-10 17:57:34.492000,BTCUSDT,948872312,54883.2,0.075,False,4116.24,6222.531602100002,1,-1
2021-10-10 17:57:34.502000,BTCUSDT,948872313,54885.02,0.075,False,4116.376499999999,10338.908102100002,1,0
2021-10-10 17:57:34.513000,BTCUSDT,948872314,54885.02,0.075,False,4116.376499999999,14455.2846021,1,1
2021-10-10 17:57:34.517000,BTCUSDT,948872315,54885.02,0.00032,False,17.563206400000002,14472.8478085,1,2
2021-10-10 17:57:34.521000,BTCUSDT,948872316,54885.02,0.0748,False,4105.399496,18578.2473045,1,3
2021-10-10 17:57:34.810000,BTCUSDT,948872317,54885.01,0.07499,True,-4115.8268999,14462.4204046,-1,2
2021-10-10 17:57:34.819000,BTCUSDT,948872318,54885.01,0.07499,True,-4115.8268999,10346.593504700002,-1,1
2021-10-10 17:57:34.963000,BTCUSDT,948872319,54885.02,0.07155,False,3927.023181,14273.616685700004,1,2
2021-10-10 17:57:35.315000,BTCUSDT,948872320,54885.02,0.07498,False,4115.2787996,18388.895485300003,1,3
2021-10-10 17:57:35.332000,BTCUSDT,948872321,54885.02,0.07498,False,4115.2787996,22504.174284900004,1,4
2021-10-10 17:57:35.641000,BTCUSDT,948872322,54885.02,0.02849,False,1563.6742198,24067.848504700003,1,5
2021-10-10 17:57:35.641000,BTCUSDT,948872323,54887.1,0.04649,False,2551.701279,26619.549783700004,1,6
2021-10-10 17:57:35.660000,BTCUSDT,948872324,54887.09,0.07498,False,4115.4340082,30734.98379190001,1,7
2021-10-10 17:57:35.672000,BTCUSDT,948872325,54887.09,0.07498,False,4115.4340082,34850.417800100004,1,8
2021-10-10 17:57:35.711000,BTCUSDT,948872326,54887.08,0.00044,True,-24.1503152,34826.2674849,-1,7
2021-10-10 17:57:35.815000,BTCUSDT,948872327,54887.08,0.07499,True,-4115.982129200001,30710.2853557,-1,6
2021-10-10 17:57:35.829000,BTCUSDT,948872328,54887.08,0.07499,True,-4115.982129200001,26594.3032265,-1,5
2021-10-10 17:57:35.839000,BTCUSDT,948872329,54887.08,0.02544,True,-1396.3273152000002,25197.9759113,-1,4
2021-10-10 17:57:35.839000,BTCUSDT,948872330,54885.01,0.04955,True,-2719.5522455,22478.4236658,-1,3
2021-10-10 17:57:35.850000,BTCUSDT,948872331,54886.47,0.07499,True,-4115.9363853,18362.4872805,-1,2
2021-10-10 17:57:35.862000,BTCUSDT,948872332,54886.47,0.01608,True,-882.5744376,17479.9128429,-1,1
2021-10-10 17:57:35.862000,BTCUSDT,948872333,54885.01,0.05886,True,-3230.5316886,14249.3811543,-1,0
2021-10-10 17:57:36.013000,BTCUSDT,948872334,54885.02,0.00032,False,17.563206400000002,14266.9443607,1,1
2021-10-10 17:57:36.327000,BTCUSDT,948872335,54885.02,0.07498,False,4115.2787996,18382.2231603,1,2
2021-10-10 17:57:36.346000,BTCUSDT,948872336,54885.02,0.06022,False,3305.1759044,21687.3990647,1,3
2021-10-10 17:57:36.346000,BTCUSDT,948872337,54886.45,0.01476,False,810.124002,22497.5230667,1,4
2021-10-10 17:57:36.363000,BTCUSDT,948872338,54886.45,0.07498,False,4115.386021,26612.9090877,1,5
2021-10-10 17:57:36.371000,BTCUSDT,948872339,54886.45,0.07498,False,4115.386021,30728.2951087,1,6
2021-10-10 17:57:36.383000,BTCUSDT,948872340,54886.45,0.07498,False,4115.386021,34843.681129699995,1,7
2021-10-10 17:57:36.391000,BTCUSDT,948872341,54886.44,0.07497,True,-4114.8364068,30728.8447229,-1,6
2021-10-10 17:57:36.396000,BTCUSDT,948872342,54886.44,0.74948,True,-41136.2890512,-10407.444328300007,-1,5
2021-10-10 17:57:36.402000,BTCUSDT,948872343,54886.44,0.07499,True,-4115.9341356,-14523.378463900008,-1,4
2021-10-10 17:57:36.413000,BTCUSDT,948872344,54886.44,0.05,True,-2744.322,-17267.700463900008,-1,3
2021-10-10 17:57:36.413000,BTCUSDT,948872345,54885.02,0.02499,True,-1371.5766497999998,-18639.27711370001,-1,2
2021-10-10 17:57:36.423000,BTCUSDT,948872346,54886.44,0.07499,True,-4115.9341356,-22755.21124930001,-1,1
2021-10-10 17:57:36.434000,BTCUSDT,948872347,54886.44,0.07496,True,-4114.2875424,-26869.49879170001,-1,0
2021-10-10 17:57:36.557000,BTCUSDT,948872348,54886.44,0.01214,True,-666.3213816,-27535.82017330001,-1,-1
2021-10-10 17:57:36.572000,BTCUSDT,948872349,54886.44,0.02246,True,-1232.7494424,-28768.56961570001,-1,-2
2021-10-10 17:57:36.572000,BTCUSDT,948872350,54885.02,0.03778,True,-2073.5560556,-30842.12567130001,-1,-3
2021-10-10 17:57:36.755000,BTCUSDT,948872351,54886.03,0.00021,False,11.5260663,-30830.59960500001,1,-2
2021-10-10 17:57:36.825000,BTCUSDT,948872352,54886.03,0.07498,False,4115.3545294000005,-26715.24507560001,1,-1
2021-10-10 17:57:36.836000,BTCUSDT,948872353,54886.03,0.07498,False,4115.3545294000005,-22599.89054620001,1,0
2021-10-10 17:57:36.911000,BTCUSDT,948872354,54886.03,0.08539,False,4686.718101699999,-17913.17244450001,1,1
2021-10-10 17:57:37.054000,BTCUSDT,948872355,54886.03,1e-05,False,0.5488603000000001,-17912.62358420001,1,2
2021-10-10 17:57:37.054000,BTCUSDT,948872356,54886.95,0.00131,False,71.9019045,-17840.72167970001,1,3
2021-10-10 17:57:37.146000,BTCUSDT,948872357,54886.95,0.00137,False,75.19512149999998,-17765.52655820001,1,4
2021-10-10 17:57:37.276000,BTCUSDT,948872358,54886.95,0.04901,False,2690.0094195,-15075.51713870001,1,5
2021-10-10 17:57:37.276000,BTCUSDT,948872359,54887.65,0.00094,False,51.594391,-15023.92274770001,1,6
2021-10-10 17:57:37.327000,BTCUSDT,948872360,54889.84,0.07497,True,-4115.091304799999,-19139.01405250001,-1,5
2021-10-10 17:57:37.344000,BTCUSDT,948872361,54889.84,0.07497,True,-4115.091304799999,-23254.10535730001,-1,4
2021-10-10 17:57:37.355000,BTCUSDT,948872362,54889.84,0.07497,True,-4115.091304799999,-27369.19666210001,-1,3
2021-10-10 17:57:37.365000,BTCUSDT,948872363,54889.84,0.07497,True,-4115.091304799999,-31484.28796690001,-1,2
2021-10-10 17:57:37.593000,BTCUSDT,948872364,54889.85,0.00735,False,403.4403975,-31080.84756940001,1,3
2021-10-10 17:57:37.824000,BTCUSDT,948872365,54889.85,0.07499,False,4116.1898515,-26964.65771790001,1,4
2021-10-10 17:57:37.833000,BTCUSDT,948872366,54889.85,0.07499,False,4116.1898515,-22848.467866400013,1,5
2021-10-10 17:57:37.844000,BTCUSDT,948872367,54889.85,0.07499,False,4116.1898515,-18732.278014900014,1,6
2021-10-10 17:57:37.855000,BTCUSDT,948872368,54889.85,0.05,False,2744.4925000000003,-15987.785514900012,1,7
2021-10-10 17:57:37.855000,BTCUSDT,948872369,54891.99,0.02492,False,1367.9083908,-14619.877124100014,1,8
2021-10-10 17:57:37.959000,BTCUSDT,948872370,54891.99,0.00083,True,-45.5603517,-14665.437475800014,-1,7
2021-10-10 17:57:37.965000,BTCUSDT,948872371,54891.99,0.0026,True,-142.71917399999998,-14808.156649800014,-1,6
2021-10-10 17:57:38.334000,BTCUSDT,948872372,54891.99,0.04578,True,-2512.9553022,-17321.111952000014,-1,5
2021-10-10 17:57:38.334000,BTCUSDT,948872373,54891.31,0.0292,True,-1602.8262519999998,-18923.938204000013,-1,4
2021-10-10 17:57:38.353000,BTCUSDT,948872374,54891.31,0.06186,True,-3395.5764366,-22319.514640600013,-1,3
2021-10-10 17:57:38.353000,BTCUSDT,948872375,54890.47,0.01312,True,-720.1629664,-23039.67760700001,-1,2
2021-10-10 17:57:38.365000,BTCUSDT,948872376,54890.47,0.03226,True,-1770.7665622,-24810.44416920001,-1,1
2021-10-10 17:57:38.365000,BTCUSDT,948872377,54889.86,0.04272,True,-2344.8948192000003,-27155.33898840001,-1,0
2021-10-10 17:57:38.376000,BTCUSDT,948872378,54889.86,0.0245,True,-1344.80157,-28500.14055840001,-1,-1
2021-10-10 17:57:38.376000,BTCUSDT,948872379,54889.8,0.05048,True,-2770.837104,-31270.977662400008,-1,-2
2021-10-10 17:57:38.387000,BTCUSDT,948872380,54889.86,0.07497,False,4115.0928042,-27155.884858200006,1,-1
2021-10-10 17:57:38.395000,BTCUSDT,948872381,54889.81,0.025,False,1372.24525,-25783.639608200006,1,0
2021-10-10 17:57:38.395000,BTCUSDT,948872382,54889.86,0.05,False,2744.4930000000004,-23039.146608200004,1,1
2021-10-10 17:57:38.404000,BTCUSDT,948872383,54889.86,0.075,False,4116.7395,-18922.407108200005,1,2
2021-10-10 17:57:38.415000,BTCUSDT,948872384,54889.05,0.07496,False,4114.483188,-14807.923920200004,1,3
2021-10-10 17:57:38.504000,BTCUSDT,948872385,54889.04,0.0104,True,-570.846016,-15378.769936200004,-1,2
2021-10-10 17:57:38.623000,BTCUSDT,948872386,54889.04,0.03948,True,-2167.0192992,-17545.789235400003,-1,1
2021-10-10 17:57:38.832000,BTCUSDT,948872387,54889.04,0.07499,True,-4116.1291096,-21661.91834500001,-1,0
2021-10-10 17:57:38.843000,BTCUSDT,948872388,54889.04,0.07499,True,-4116.1291096,-25778.047454600004,-1,-1
2021-10-10 17:57:38.909000,BTCUSDT,948872389,54886.96,0.01375,False,754.6957,-25023.351754600004,1,0
2021-10-10 17:57:39.116000,BTCUSDT,948872390,54886.96,0.03072,False,1686.1274112,-23337.224343400005,1,1
2021-10-10 17:57:39.334000,BTCUSDT,948872391,54889.05,0.006,False,329.33430000000004,-23007.89004340001,1,2
2021-10-10 17:57:39.334000,BTCUSDT,948872392,54891.25,0.06898,False,3786.398425,-19221.491618400007,1,3
2021-10-10 17:57:39.350000,BTCUSDT,948872393,54890.87,0.03691,False,2026.0220117,-17195.469606700008,1,4
2021-10-10 17:57:39.350000,BTCUSDT,948872394,54891.26,0.03807,False,2089.7102682,-15105.759338500007,1,5
2021-10-10 17:57:39.365000,BTCUSDT,948872395,54891.99,0.07498,False,4115.8014102,-10989.957928300008,1,6
2021-10-10 17:57:39.376000,BTCUSDT,948872396,54892.0,0.07498,False,4115.80216,-6874.155768300007,1,7
2021-10-10 17:57:39.384000,BTCUSDT,948872397,54891.98,0.025,True,-1372.2995,-8246.455268300007,-1,6
2021-10-10 17:57:39.384000,BTCUSDT,948872398,54889.06,0.04997,True,-2742.8063282,-10989.261596500008,-1,5
2021-10-10 17:57:39.392000,BTCUSDT,948872399,54891.98,0.025,True,-1372.2995,-12361.561096500009,-1,4
2021-10-10 17:57:39.392000,BTCUSDT,948872400,54889.06,0.04999,True,-2743.9041094,-15105.46520590001,-1,3
2021-10-10 17:57:39.404000,BTCUSDT,948872401,54889.06,0.07499,True,-4116.1306094,-19221.59581530001,-1,2
2021-10-10 17:57:39.414000,BTCUSDT,948872402,54889.06,0.07497,True,-4115.032828199999,-23336.628643500007,-1,1
2021-10-10 17:57:39.563000,BTCUSDT,948872403,54890.54,0.006,True,-329.34324000000004,-23665.97188350001,-1,0
2021-10-10 17:57:39.563000,BTCUSDT,948872404,54889.34,0.00383,True,-210.2261722,-23876.19805570001,-1,-1
2021-10-10 17:57:39.829000,BTCUSDT,948872405,54888.73,0.056,False,3073.76888,-20802.429175700006,1,0
2021-10-10 17:57:39.829000,BTCUSDT,948872406,54889.13,0.01897,False,1041.2467961,-19761.182379600006,1,1
2021-10-10 17:57:39.840000,BTCUSDT,948872407,54888.95,0.07497,False,4115.0245815,-15646.157798100006,1,2
2021-10-10 17:57:39.975000,BTCUSDT,948872408,54890.54,0.00226,True,-124.0526204,-15770.210418500006,-1,1
2021-10-10 17:57:40.112000,BTCUSDT,948872409,54890.54,0.00142,True,-77.9445668,-15848.154985300009,-1,0
2021-10-10 17:57:40.290000,BTCUSDT,948872410,54890.54,0.00232,True,-127.3460528,-15975.501038100008,-1,-1
2021-10-10 17:57:40.343000,BTCUSDT,948872411,54886.44,0.06505,True,-3570.362922,-19545.863960100007,-1,-2
2021-10-10 17:57:40.343000,BTCUSDT,948872412,54886.03,0.0099,True,-543.371697,-20089.235657100005,-1,-3
2021-10-10 17:57:40.347000,BTCUSDT,948872413,54886.03,0.00541,True,-296.9334223,-20386.16907940001,-1,-4
2021-10-10 17:57:40.360000,BTCUSDT,948872414,54885.03,0.07495,True,-4113.6329985,-24499.802077900007,-1,-5
2021-10-10 17:57:40.376000,BTCUSDT,948872415,54882.22,0.07495,True,-4113.422389,-28613.224466900007,-1,-6
2021-10-10 17:57:40.388000,BTCUSDT,948872416,54882.22,0.07495,True,-4113.422389,-32726.64685590001,-1,-7
2021-10-10 17:57:40.838000,BTCUSDT,948872417,54886.21,0.075,False,4116.465749999999,-28610.181105900007,1,-6
2021-10-10 17:57:40.847000,BTCUSDT,948872418,54886.21,0.075,False,4116.465749999999,-24493.715355900007,1,-5
2021-10-10 17:57:40.855000,BTCUSDT,948872419,54886.21,0.075,False,4116.465749999999,-20377.249605900008,1,-4
2021-10-10 17:57:40.867000,BTCUSDT,948872420,54886.21,0.04943,False,2713.0253603,-17664.22424560001,1,-3
2021-10-10 17:57:40.867000,BTCUSDT,948872421,54887.3,0.02541,False,1394.686293,-16269.537952600009,1,-2
2021-10-10 17:57:40.918000,BTCUSDT,948872422,54887.98,0.00076,False,41.71486480000001,-16227.823087800009,1,-1
2021-10-10 17:57:41.348000,BTCUSDT,948872423,54887.97,0.07499,True,-4116.0488703,-20343.871958100008,-1,-2
2021-10-10 17:57:41.370000,BTCUSDT,948872424,54887.97,0.05,True,-2744.3985,-23088.270458100007,-1,-3
2021-10-10 17:57:41.370000,BTCUSDT,948872425,54886.22,0.02485,True,-1363.922567,-24452.19302510001,-1,-4
2021-10-10 17:57:41.370000,BTCUSDT,948872426,54886.21,0.00014,True,-7.684069399999999,-24459.877094500007,-1,-5
2021-10-10 17:57:41.382000,BTCUSDT,948872427,54887.97,0.025,True,-1372.19925,-25832.07634450001,-1,-6
2021-10-10 17:57:41.382000,BTCUSDT,948872428,54886.21,0.04999,True,-2743.7616379,-28575.837982400008,-1,-7
2021-10-10 17:57:41.391000,BTCUSDT,948872429,54886.21,0.03203,True,-1758.0053063,-30333.84328870001,-1,-8
2021-10-10 17:57:41.391000,BTCUSDT,948872430,54886.2,0.04296,True,-2357.911152,-32691.75444070001,-1,-9
2021-10-10 17:57:41.660000,BTCUSDT,948872431,54887.72,0.00184,False,100.9934048,-32590.76103590001,1,-8
2021-10-10 17:57:41.844000,BTCUSDT,948872432,54887.67,0.01718,False,942.9701706,-31647.79086530001,1,-7
2021-10-10 17:57:41.844000,BTCUSDT,948872433,54887.72,0.03302,False,1812.3925144,-29835.39835090001,1,-6
2021-10-10 17:57:41.844000,BTCUSDT,948872434,54887.96,0.0248,False,1361.221408,-28474.17694290001,1,-5
2021-10-10 17:57:41.854000,BTCUSDT,948872435,54887.97,0.075,False,4116.59775,-24357.579192900008,1,-4
2021-10-10 17:57:41.862000,BTCUSDT,948872436,54887.97,0.07499,False,4116.0488703,-20241.530322600007,1,-3
2021-10-10 17:57:41.873000,BTCUSDT,948872437,54887.97,0.07495,False,4113.8533515,-16127.676971100009,1,-2
2021-10-10 17:57:41.977000,BTCUSDT,948872438,54887.96,0.76291,True,-41874.5735636,-58002.2505347,-1,-3
2021-10-10 17:57:41.977000,BTCUSDT,948872439,54887.07,0.15956,True,-8757.780889200001,-66760.0314239,-1,-4
2021-10-10 17:57:41.977000,BTCUSDT,948872440,54886.44,0.16657,True,-9142.4343108,-75902.4657347,-1,-5
2021-10-10 17:57:42.016000,BTCUSDT,948872441,54885.02,0.18222,False,10001.1483444,-65901.3173903,1,-4
2021-10-10 17:57:42.067000,BTCUSDT,948872442,54885.02,0.05854,False,3212.9690708,-62688.3483195,1,-3
2021-10-10 17:57:42.083000,BTCUSDT,948872443,54885.02,0.00019,False,10.4281538,-62677.9201657,1,-2
2021-10-10 17:57:42.115000,BTCUSDT,948872444,54885.02,0.00092,False,50.4942184,-62627.4259473,1,-1
2021-10-10 17:57:42.344000,BTCUSDT,948872445,54885.01,0.05044,True,-2768.3999044,-65395.8258517,-1,-2
2021-10-10 17:57:42.344000,BTCUSDT,948872446,54882.0,0.00072,True,-39.51504,-65435.3408917,-1,-3
2021-10-10 17:57:42.344000,BTCUSDT,948872447,54880.46,0.02381,True,-1306.7037526,-66742.0446443,-1,-4
2021-10-10 17:57:42.361000,BTCUSDT,948872448,54885.01,0.006,True,-329.31006,-67071.3547043,-1,-5
2021-10-10 17:57:42.361000,BTCUSDT,948872449,54881.09,0.06897,True,-3785.1487773,-70856.5034816,-1,-6
2021-10-10 17:57:42.374000,BTCUSDT,948872450,54881.09,0.07497,True,-4114.435317299999,-74970.9387989,-1,-7
2021-10-10 17:57:42.385000,BTCUSDT,948872451,54881.09,0.07497,True,-4114.435317299999,-79085.3741162,-1,-8
2021-10-10 17:57:42.393000,BTCUSDT,948872452,54880.45,0.00036,True,-19.756962,-79105.1310782,-1,-9
2021-10-10 17:57:42.393000,BTCUSDT,948872453,54880.0,0.00406,True,-222.8128,-79327.94387819999,-1,-10
2021-10-10 17:57:42.393000,BTCUSDT,948872454,54879.54,0.07055,True,-3871.751547,-83199.6954252,-1,-11
2021-10-10 17:57:42.402000,BTCUSDT,948872455,54885.01,0.07495,False,4113.6314995,-79086.0639257,1,-10
2021-10-10 17:57:42.413000,BTCUSDT,948872456,54884.89,0.07499,False,4115.8179011,-74970.2460246,1,-9
2021-10-10 17:57:42.423000,BTCUSDT,948872457,54884.89,0.075,False,4116.36675,-70853.8792746,1,-8
2021-10-10 17:57:42.430000,BTCUSDT,948872458,54884.89,0.03456,False,1896.8217984,-68957.0574762,1,-7
2021-10-10 17:57:42.430000,BTCUSDT,948872459,54885.01,0.04044,False,2219.5498044,-66737.5076718,1,-6
2021-10-10 17:57:42.441000,BTCUSDT,948872460,54885.01,0.07492,False,4111.9849492,-62625.522722600006,1,-5
2021-10-10 17:57:42.512000,BTCUSDT,948872461,54883.06,0.00599,False,328.7495294,-62296.77319320001,1,-4
2021-10-10 17:57:42.845000,BTCUSDT,948872462,54883.05,0.07498,True,-4115.131089,-66411.9042822,-1,-5
2021-10-10 17:57:42.861000,BTCUSDT,948872463,54883.05,0.07498,True,-4115.131089,-70527.0353712,-1,-6
2021-10-10 17:57:43.104000,BTCUSDT,948872464,54883.06,1e-05,False,0.5488306000000001,-70526.4865406,1,-5
2021-10-10 17:57:43.104000,BTCUSDT,948872465,54887.97,0.00097,False,53.2413309,-70473.2452097,1,-4
2021-10-10 17:57:43.212000,BTCUSDT,948872466,54885.4,0.18005,False,9882.11627,-60591.12893970001,1,-3
2021-10-10 17:57:43.264000,BTCUSDT,948872467,54885.4,0.01562,False,857.3099480000001,-59733.818991700005,1,-2
2021-10-10 17:57:43.351000,BTCUSDT,948872468,54887.36,0.07496,False,4114.3565056,-55619.462486100005,1,-1
2021-10-10 17:57:43.366000,BTCUSDT,948872469,54887.36,0.04386,False,2407.3596096,-53212.10287650001,1,0
2021-10-10 17:57:43.366000,BTCUSDT,948872470,54887.37,0.0311,False,1706.997207,-51505.10566950001,1,1
2021-10-10 17:57:43.381000,BTCUSDT,948872471,54887.48,0.07496,False,4114.3655008000005,-47390.74016870001,1,2
2021-10-10 17:57:43.390000,BTCUSDT,948872472,54887.97,0.00512,False,281.02640640000004,-47109.71376230001,1,3
2021-10-10 17:57:43.390000,BTCUSDT,948872473,54887.98,0.00034,False,18.6619132,-47091.05184910001,1,4
2021-10-10 17:57:43.390000,BTCUSDT,948872474,54887.99,0.00609,False,334.2678591,-46756.78399000001,1,5
2021-10-10 17:57:43.390000,BTCUSDT,948872475,54888.01,0.0061,False,334.816861,-46421.96712900001,1,6
2021-10-10 17:57:43.390000,BTCUSDT,948872476,54888.99,0.00707,False,388.0651593,-46033.90196970001,1,7
2021-10-10 17:57:43.390000,BTCUSDT,948872477,54889.0,0.01036,False,568.65004,-45465.25192970001,1,8
2021-10-10 17:57:43.390000,BTCUSDT,948872478,54890.0,0.01,False,548.9,-44916.35192970001,1,9
2021-10-10 17:57:43.390000,BTCUSDT,948872479,54890.36,0.02988,False,1640.1239568,-43276.22797290001,1,10
2021-10-10 17:57:43.767000,BTCUSDT,948872480,54889.0,0.00143,False,78.49127,-43197.73670290001,1,11
2021-10-10 17:57:43.848000,BTCUSDT,948872481,54888.21,0.07499,True,-4116.0668679,-47313.80357080001,-1,10
2021-10-10 17:57:43.860000,BTCUSDT,948872482,54888.21,0.05704,True,-3130.8234984,-50444.62706920001,-1,9
2021-10-10 17:57:43.860000,BTCUSDT,948872483,54887.97,0.01795,True,-985.2390615,-51429.86613070001,-1,8
2021-10-10 17:57:43.872000,BTCUSDT,948872484,54887.49,0.07499,True,-4116.0128751,-55545.87900580001,-1,7
2021-10-10 17:57:43.880000,BTCUSDT,948872485,54887.48,0.07488,True,-4109.9745024,-59655.85350820001,-1,6
2021-10-10 17:57:44.033000,BTCUSDT,948872486,54887.49,0.02931,False,1608.7523319,-58047.101176300006,1,7
2021-10-10 17:57:44.334000,BTCUSDT,948872487,54885.43,0.00018,False,9.8793774,-58037.221798900006,1,8
2021-10-10 17:57:44.355000,BTCUSDT,948872488,54885.43,0.07498,False,4115.3095414,-53921.91225750001,1,9
2021-10-10 17:57:44.378000,BTCUSDT,948872489,54885.43,0.07498,False,4115.3095414,-49806.60271610001,1,10
2021-10-10 17:57:44.390000,BTCUSDT,948872490,54885.43,0.02502,False,1373.2334586,-48433.36925750001,1,11
2021-10-10 17:57:44.390000,BTCUSDT,948872491,54886.44,0.01464,False,803.5374816000001,-47629.83177590001,1,12
2021-10-10 17:57:44.390000,BTCUSDT,948872492,54887.53,0.00182,False,99.8953046,-47529.93647130001,1,13
2021-10-10 17:57:44.390000,BTCUSDT,948872493,54891.0,0.0335,False,1838.8485,-45691.08797130001,1,14
2021-10-10 17:57:44.398000,BTCUSDT,948872494,54890.99,0.07498,False,4115.7264302,-41575.36154110001,1,15
2021-10-10 17:57:44.608000,BTCUSDT,948872495,54887.52,0.04209,True,-2310.2157168,-43885.5772579,-1,14
2021-10-10 17:57:44.676000,BTCUSDT,948872496,54887.52,0.00111,True,-60.925147200000005,-43946.50240510001,-1,13
2021-10-10 17:57:44.843000,BTCUSDT,948872497,54887.52,0.00234,True,-128.4367968,-44074.93920190001,-1,12
2021-10-10 17:57:44.843000,BTCUSDT,948872498,54886.44,9e-05,True,-4.9397796000000005,-44079.878981500005,-1,11
2021-10-10 17:57:44.849000,BTCUSDT,948872499,54886.44,0.07499,True,-4115.9341356,-48195.813117100006,-1,10
2021-10-10 17:57:44.857000,BTCUSDT,948872500,54886.43,0.07499,True,-4115.9333857,-52311.74650280001,-1,9
2021-10-10 17:57:44.868000,BTCUSDT,948872501,54885.62,0.07499,True,-4115.8726438,-56427.61914660001,-1,8
2021-10-10 17:57:44.878000,BTCUSDT,948872502,54885.62,0.01608,True,-882.5607696000001,-57310.17991620001,-1,7
2021-10-10 17:57:44.878000,BTCUSDT,948872503,54885.45,0.02039,True,-1119.1143255,-58429.29424170001,-1,6
2021-10-10 17:57:44.878000,BTCUSDT,948872504,54885.44,0.03848,True,-2111.9917312,-60541.28597290001,-1,5
2021-10-10 17:57:45.359000,BTCUSDT,948872505,54886.79,0.07498,False,4115.4115142,-56425.87445870001,1,6
2021-10-10 17:57:45.370000,BTCUSDT,948872506,54886.79,0.07498,False,4115.4115142,-52310.46294450001,1,7
2021-10-10 17:57:45.387000,BTCUSDT,948872507,54888.78,0.07498,False,4115.5607244,-48194.90222010001,1,8
2021-10-10 17:57:45.398000,BTCUSDT,948872508,54889.05,0.02671,False,1466.0865255,-46728.81569460001,1,9
2021-10-10 17:57:45.398000,BTCUSDT,948872509,54891.36,0.04827,False,2649.6059472,-44079.20974740001,1,10
2021-10-10 17:57:45.544000,BTCUSDT,948872510,54891.37,0.4029,False,22115.732973,-21963.476774400013,1,11
2021-10-10 17:57:45.856000,BTCUSDT,948872511,54891.36,0.07499,True,-4116.3030864,-26079.77986080001,-1,10
2021-10-10 17:57:45.864000,BTCUSDT,948872512,54891.36,0.07499,True,-4116.3030864,-30196.08294720001,-1,9
2021-10-10 17:57:45.874000,BTCUSDT,948872513,54891.36,0.07499,True,-4116.3030864,-34312.386033600014,-1,8
2021-10-10 17:57:45.886000,BTCUSDT,948872514,54891.36,0.07495,True,-4114.107432,-38426.49346560001,-1,7
2021-10-10 17:57:46.107000,BTCUSDT,948872515,54892.5,0.0002,False,10.9785,-38415.514965600014,1,8
2021-10-10 17:57:46.148000,BTCUSDT,948872516,54892.49,0.00364,True,-199.8086636,-38615.323629200015,-1,7
2021-10-10 17:57:46.358000,BTCUSDT,948872517,54892.49,0.00362,True,-198.7108138,-38814.03444300001,-1,6
2021-10-10 17:57:46.362000,BTCUSDT,948872518,54892.5,0.07498,False,4115.83965,-34698.19479300001,1,7
2021-10-10 17:57:46.376000,BTCUSDT,948872519,54892.5,0.07498,False,4115.83965,-30582.355143000008,1,8
2021-10-10 17:57:46.401000,BTCUSDT,948872520,54892.5,0.07498,False,4115.83965,-26466.515493000006,1,9
2021-10-10 17:57:46.411000,BTCUSDT,948872521,54892.5,0.07498,False,4115.83965,-22350.675843000005,1,10
2021-10-10 17:57:46.558000,BTCUSDT,948872522,54892.5,0.00179,False,98.257575,-22252.418268000005,1,11
2021-10-10 17:57:46.700000,BTCUSDT,948872523,54892.5,0.0039,False,214.08075,-22038.337518000004,1,12
2021-10-10 17:57:46.857000,BTCUSDT,948872524,54892.49,0.07499,True,-4116.3878251,-26154.725343100003,-1,11
2021-10-10 17:57:46.865000,BTCUSDT,948872525,54892.49,0.07499,True,-4116.3878251,-30271.1131682,-1,10
2021-10-10 17:57:46.874000,BTCUSDT,948872526,54892.49,0.07499,True,-4116.3878251,-34387.500993300004,-1,9
2021-10-10 17:57:46.885000,BTCUSDT,948872527,54892.49,0.07495,True,-4114.1921255,-38501.6931188,-1,8
2021-10-10 17:57:47.002000,BTCUSDT,948872528,54892.49,0.19424,True,-10662.3172576,-49164.0103764,-1,7
2021-10-10 17:57:47.002000,BTCUSDT,948872529,54891.35,0.09106,True,-4998.406331,-54162.4167074,-1,6
2021-10-10 17:57:47.002000,BTCUSDT,948872530,54889.06,0.37055,True,-20339.141183,-74501.5578904,-1,5
2021-10-10 17:57:47.002000,BTCUSDT,948872531,54888.79,0.34415,True,-18889.9770785,-93391.5349689,-1,4
2021-10-10 17:57:47.061000,BTCUSDT,948872532,54888.8,0.04999,False,2743.891112,-90647.6438569,1,5
2021-10-10 17:57:47.096000,BTCUSDT,948872533,54888.8,0.0078,False,428.13264,-90219.5112169,1,6
2021-10-10 17:57:47.281000,BTCUSDT,948872534,54890.49,0.00372,True,-204.1926228,-90423.7038397,-1,5
2021-10-10 17:57:47.281000,BTCUSDT,948872535,54890.49,0.00228,True,-125.1503172,-90548.8541569,-1,4
2021-10-10 17:57:47.281000,BTCUSDT,948872536,54889.03,0.00143,True,-78.4913129,-90627.3454698,-1,3
2021-10-10 17:57:47.284000,BTCUSDT,948872537,54889.03,0.00372,True,-204.1871916,-90831.5326614,-1,2
2021-10-10 17:57:47.365000,BTCUSDT,948872538,54889.04,0.07498,False,4115.5802192,-86715.9524422,1,3
2021-10-10 17:57:47.382000,BTCUSDT,948872539,54889.04,0.07498,False,4115.5802192,-82600.372223,1,4
2021-10-10 17:57:47.396000,BTCUSDT,948872540,54889.04,0.07498,False,4115.5802192,-78484.7920038,1,5
2021-10-10 17:57:47.408000,BTCUSDT,948872541,54889.04,0.03459,False,1898.6118936000005,-76586.1801102,1,6
2021-10-10 17:57:47.408000,BTCUSDT,948872542,54890.49,0.04039,False,2217.0268911,-74369.1532191,1,7
2021-10-10 17:57:47.432000,BTCUSDT,948872543,54890.49,0.00182,False,99.9006918,-74269.2525273,1,8
2021-10-10 17:57:47.499000,BTCUSDT,948872544,54890.48,0.00251,True,-137.7751048,-74407.02763210001,-1,7
2021-10-10 17:57:47.862000,BTCUSDT,948872545,54890.48,0.07499,True,-4116.2370952,-78523.26472730002,-1,6
2021-10-10 17:57:47.873000,BTCUSDT,948872546,54890.48,0.07499,True,-4116.2370952,-82639.50182250002,-1,5
2021-10-10 17:57:47.881000,BTCUSDT,948872547,54890.48,0.07499,True,-4116.2370952,-86755.73891770003,-1,4
2021-10-10 17:57:47.889000,BTCUSDT,948872548,54890.48,0.07495,True,-4114.041476,-90869.78039370004,-1,3
2021-10-10 17:57:47.987000,BTCUSDT,948872549,54890.48,0.00388,True,-212.9750624,-91082.75545610004,-1,2
2021-10-10 17:57:48.122000,BTCUSDT,948872550,54890.48,0.00562,True,-308.4844976,-91391.23995370005,-1,1
2021-10-10 17:57:48.345000,BTCUSDT,948872551,54890.49,0.00042,False,23.0540058,-91368.18594790004,1,2
2021-10-10 17:57:48.374000,BTCUSDT,948872552,54890.49,0.07498,False,4115.6889402,-87252.49700770003,1,3
2021-10-10 17:57:48.392000,BTCUSDT,948872553,54890.49,0.06593,False,3618.9300057,-83633.56700200003,1,4
2021-10-10 17:57:48.392000,BTCUSDT,948872554,54892.82,0.00905,False,496.780021,-83136.78698100003,1,5
2021-10-10 17:57:48.404000,BTCUSDT,948872555,54892.82,0.02925,False,1605.6149850000002,-81531.17199600002,1,6
2021-10-10 17:57:48.404000,BTCUSDT,948872556,54892.83,0.04573,False,2510.2491159,-79020.92288010001,1,7
2021-10-10 17:57:48.413000,BTCUSDT,948872557,54892.83,0.06361,False,3491.7329163,-75529.18996380002,1,8
2021-10-10 17:57:48.413000,BTCUSDT,948872558,54893.99,0.00036,False,19.7618364,-75509.42812740002,1,9
2021-10-10 17:57:48.413000,BTCUSDT,948872559,54896.96,0.01101,False,604.4155296,-74905.01259780003,1,10
2021-10-10 17:57:48.725000,BTCUSDT,948872560,54893.98,0.00029,True,-15.9192542,-74920.93185200002,-1,9
2021-10-10 17:57:48.801000,BTCUSDT,948872561,54893.99,0.00024,False,13.1745576,-74907.75729440003,1,10
2021-10-10 17:57:48.813000,BTCUSDT,948872562,54893.99,0.00046,False,25.2512354,-74882.50605900002,1,11
2021-10-10 17:57:48.869000,BTCUSDT,948872563,54893.98,0.02471,True,-1356.4302458,-76238.93630480002,-1,10
2021-10-10 17:57:48.869000,BTCUSDT,948872564,54890.59,0.04396,True,-2412.9903364,-78651.92664120003,-1,9
2021-10-10 17:57:48.869000,BTCUSDT,948872565,54890.48,0.00632,True,-346.9078336,-78998.83447480002,-1,8
2021-10-10 17:57:48.878000,BTCUSDT,948872566,54890.48,0.07499,True,-4116.2370952,-83115.07157000003,-1,7
2021-10-10 17:57:48.889000,BTCUSDT,948872567,54893.79,0.00045,False,24.7022055,-83090.36936450003,1,8
2021-10-10 17:57:48.890000,BTCUSDT,948872568,54890.59,0.04453,True,-2444.2779727,-85534.64733720003,-1,7
2021-10-10 17:57:48.890000,BTCUSDT,948872569,54890.48,0.03046,True,-1671.9640208,-87206.61135800004,-1,6
2021-10-10 17:57:48.901000,BTCUSDT,948872570,54892.02,0.04553,True,-2499.2336706,-89705.84502860004,-1,5
2021-10-10 17:57:48.901000,BTCUSDT,948872571,54889.49,0.02942,True,-1614.8487958,-91320.69382440003,-1,4
2021-10-10 17:57:48.958000,BTCUSDT,948872572,54890.48,0.1,True,-5489.048000000001,-96809.74182440004,-1,3
2021-10-10 17:57:48.963000,BTCUSDT,948872573,54890.49,0.05327,False,2924.0164023,-93885.72542210003,1,4
2021-10-10 17:57:49.375000,BTCUSDT,948872574,54893.99,0.07498,False,4115.9513702,-89769.77405190005,1,5
2021-10-10 17:57:49.389000,BTCUSDT,948872575,54893.99,0.07498,False,4115.9513702,-85653.82268170005,1,6
2021-10-10 17:57:49.400000,BTCUSDT,948872576,54893.99,0.07498,False,4115.9513702,-81537.87131150006,1,7
2021-10-10 17:57:49.411000,BTCUSDT,948872577,54893.99,0.06407,False,3517.0579393,-78020.81337220006,1,8
2021-10-10 17:57:49.411000,BTCUSDT,948872578,54894.0,0.01091,False,598.89354,-77421.91983220006,1,9
2021-10-10 17:57:49.419000,BTCUSDT,948872579,54893.98,0.07499,True,-4116.4995602,-81538.41939240006,-1,8
2021-10-10 17:57:49.427000,BTCUSDT,948872580,54893.99,0.07499,True,-4116.5003101,-85654.91970250006,-1,7
2021-10-10 17:57:49.438000,BTCUSDT,948872581,54893.99,0.07499,True,-4116.5003101,-89771.42001260007,-1,6
2021-10-10 17:57:49.446000,BTCUSDT,948872582,54893.99,0.07495,True,-4114.3045505,-93885.72456310008,-1,5
2021-10-10 17:57:49.599000,BTCUSDT,948872583,54893.99,0.00455,False,249.7676545,-93635.95690860008,1,6
2021-10-10 17:57:49.687000,BTCUSDT,948872584,54893.98,0.0009,True,-49.404582000000005,-93685.36149060007,-1,5
2021-10-10 17:57:49.687000,BTCUSDT,948872585,54893.51,0.04553,True,-2499.3015103,-96184.66300090008,-1,4
2021-10-10 17:57:49.687000,BTCUSDT,948872586,54893.05,0.18455,True,-10130.5123775,-106315.17537840008,-1,3
2021-10-10 17:57:49.687000,BTCUSDT,948872587,54893.04,0.18455,True,-10130.510532,-116445.68591040008,-1,2
2021-10-10 17:57:49.687000,BTCUSDT,948872588,54892.01,0.18455,True,-10130.3204455,-126576.00635590008,-1,1
2021-10-10 17:57:49.687000,BTCUSDT,948872589,54891.78,0.09106,True,-4998.4454868,-131574.45184270007,-1,0
2021-10-10 17:57:49.687000,BTCUSDT,948872590,54890.48,0.10876,True,-5969.8886048,-137544.3404475001,-1,-1
2021-10-10 17:57:49.872000,BTCUSDT,948872591,54888.75,0.06951,False,3815.3170125,-133729.0234350001,1,0
2021-10-10 17:57:49.872000,BTCUSDT,948872592,54889.05,0.00547,False,300.2431035,-133428.7803315001,1,1
2021-10-10 17:57:49.882000,BTCUSDT,948872593,54889.05,0.04453,False,2444.2093965,-130984.57093500013,1,2
2021-10-10 17:57:49.882000,BTCUSDT,948872594,54891.79,0.03045,False,1671.4550055000002,-129313.11592950013,1,3
2021-10-10 17:57:49.950000,BTCUSDT,948872595,54891.79,0.01821,False,999.5794959,-128313.53643360012,1,4
2021-10-10 17:57:50.136000,BTCUSDT,948872596,54892.3,0.00339,True,-186.084897,-128499.6213306001,-1,3
2021-10-10 17:57:50.382000,BTCUSDT,948872597,54892.3,0.07161,True,-3930.837603,-132430.4589336001,-1,2
2021-10-10 17:57:50.382000,BTCUSDT,948872598,54892.06,0.00336,True,-184.4373216,-132614.89625520012,-1,1
2021-10-10 17:57:50.398000,BTCUSDT,948872599,54892.06,0.04217,True,-2314.7981702,-134929.6944254001,-1,0
2021-10-10 17:57:50.398000,BTCUSDT,948872600,54890.09,0.0328,True,-1800.394952,-136730.08937740012,-1,-1
2021-10-10 17:57:50.411000,BTCUSDT,948872601,54890.09,0.01575,True,-864.5189174999999,-137594.60829490013,-1,-2
2021-10-10 17:57:50.411000,BTCUSDT,948872602,54889.24,0.05922,True,-3250.5407928,-140845.14908770012,-1,-3
2021-10-10 17:57:50.420000,BTCUSDT,948872603,54889.24,0.07497,True,-4115.0463228,-144960.1954105001,-1,-4
2021-10-10 17:57:50.803000,BTCUSDT,948872604,54889.16,0.006,True,-329.33496,-145289.5303705001,-1,-5
2021-10-10 17:57:50.803000,BTCUSDT,948872605,54887.83,0.11531,True,-6329.1156773,-151618.6460478001,-1,-6
2021-10-10 17:57:50.880000,BTCUSDT,948872606,54889.17,0.075,False,4116.68775,-147501.9582978001,1,-5
2021-10-10 17:57:50.888000,BTCUSDT,948872607,54889.17,0.0463,False,2541.368571,-144960.5897268001,1,-4
2021-10-10 17:57:50.888000,BTCUSDT,948872608,54892.05,0.0287,False,1575.401835,-143385.1878918001,1,-3
2021-10-10 17:57:50.900000,BTCUSDT,948872609,54892.05,0.03593,False,1972.2713565,-141412.91653530012,1,-2
2021-10-10 17:57:50.900000,BTCUSDT,948872610,54893.51,0.03907,False,2144.6894357,-139268.2270996001,1,-1
2021-10-10 17:57:50.911000,BTCUSDT,948872611,54893.52,0.0749,False,4111.524648,-135156.7024516001,1,0
2021-10-10 17:57:51.072000,BTCUSDT,948872612,54892.53,0.00236,True,-129.5463708,-135286.2488224001,-1,-1
2021-10-10 17:57:51.102000,BTCUSDT,948872613,54892.54,0.02786,False,1529.3061644,-133756.9426580001,1,0
2021-10-10 17:57:51.172000,BTCUSDT,948872614,54892.54,0.03643,False,1999.7352322,-131757.2074258001,1,1
2021-10-10 17:57:51.384000,BTCUSDT,948872615,54892.53,0.07499,True,-4116.3908247,-135873.5982505001,-1,0
2021-10-10 17:57:51.398000,BTCUSDT,948872616,54892.53,0.07499,True,-4116.3908247,-139989.9890752001,-1,-1
2021-10-10 17:57:51.411000,BTCUSDT,948872617,54892.53,0.07499,True,-4116.3908247,-144106.37989990012,-1,-2
2021-10-10 17:57:51.649000,BTCUSDT,948872618,54891.69,0.22554,False,12380.2717626,-131726.10813730012,1,-1
2021-10-10 17:57:51.699000,BTCUSDT,948872619,54891.68,0.02046,True,-1123.0837728,-132849.1919101001,-1,-2
2021-10-10 17:57:51.810000,BTCUSDT,948872620,54891.68,0.01329,True,-729.5104272,-133578.7023373001,-1,-3
2021-10-10 17:57:51.853000,BTCUSDT,948872621,54891.69,0.0038,False,208.588422,-133370.1139153001,1,-2
2021-10-10 17:57:51.882000,BTCUSDT,948872622,54891.69,0.075,False,4116.87675,-129253.23716530012,1,-1
2021-10-10 17:57:51.890000,BTCUSDT,948872623,54891.69,0.075,False,4116.87675,-125136.36041530012,1,0
2021-10-10 17:57:51.902000,BTCUSDT,948872624,54891.69,0.07497,False,4115.2299993,-121021.13041600012,1,1
2021-10-10 17:57:52.029000,BTCUSDT,948872625,54891.69,0.00425,False,233.28968250000003,-120787.84073350012,1,2
2021-10-10 17:57:52.084000,BTCUSDT,948872626,54891.68,0.00605,True,-332.094664,-121119.93539750011,-1,1
2021-10-10 17:57:52.296000,BTCUSDT,948872627,54891.69,0.00117,False,64.2232773,-121055.71212020011,1,2
2021-10-10 17:57:52.385000,BTCUSDT,948872628,54891.68,0.07499,True,-4116.3270832,-125172.03920340013,-1,1
2021-10-10 17:57:52.405000,BTCUSDT,948872629,54891.68,0.025,True,-1372.292,-126544.33120340011,-1,0
2021-10-10 17:57:52.405000,BTCUSDT,948872630,54891.35,0.04999,True,-2744.0185865,-129288.34978990012,-1,-1
2021-10-10 17:57:52.409000,BTCUSDT,948872631,54891.68,0.00165,True,-90.571272,-129378.92106190012,-1,-2
2021-10-10 17:57:52.416000,BTCUSDT,948872632,54891.68,0.02131,True,-1169.7417008,-130548.66276270011,-1,-3
2021-10-10 17:57:52.416000,BTCUSDT,948872633,54891.35,0.04107,True,-2254.3877445000003,-132803.05050720013,-1,-4
2021-10-10 17:57:52.416000,BTCUSDT,948872634,54890.01,0.01261,True,-692.1630261,-133495.21353330012,-1,-5
2021-10-10 17:57:52.885000,BTCUSDT,948872635,54890.01,0.075,False,4116.75075,-129378.46278330011,1,-4
2021-10-10 17:57:52.893000,BTCUSDT,948872636,54890.01,0.075,False,4116.75075,-125261.71203330012,1,-3
2021-10-10 17:57:52.904000,BTCUSDT,948872637,54890.01,0.07497,False,4115.104049699999,-121146.60798360012,1,-2
2021-10-10 17:57:52.911000,BTCUSDT,948872638,54890.01,0.00032,False,17.564803200000004,-121129.04318040011,1,-1
2021-10-10 17:57:53.063000,BTCUSDT,948872639,54890.01,0.0091,False,499.499091,-120629.54408940012,1,0
2021-10-10 17:57:53.192000,BTCUSDT,948872640,54890.0,0.00022,True,-12.0758,-120641.61988940011,-1,-1
2021-10-10 17:57:53.389000,BTCUSDT,948872641,54890.0,0.07499,True,-4116.2011,-124757.82098940012,-1,-2
2021-10-10 17:57:53.404000,BTCUSDT,948872642,54890.0,0.07499,True,-4116.2011,-128874.02208940012,-1,-3
2021-10-10 17:57:53.415000,BTCUSDT,948872643,54890.0,0.07499,True,-4116.2011,-132990.22318940013,-1,-4
2021-10-10 17:57:53.425000,BTCUSDT,948872644,54890.0,0.07499,True,-4116.2011,-137106.42428940014,-1,-5
2021-10-10 17:57:53.797000,BTCUSDT,948872645,54890.0,0.01112,True,-610.3768,-137716.80108940013,-1,-6
2021-10-10 17:57:53.888000,BTCUSDT,948872646,54890.01,0.07499,False,4116.2018499000005,-133600.59923950012,1,-5
2021-10-10 17:57:53.897000,BTCUSDT,948872647,54890.01,0.07499,False,4116.2018499000005,-129484.39738960013,1,-4
