EventTime,Symbol,aggTradeID,price,quantity,bidderMaker,priceTimesQuantity,cml_vol,sig,cml_bid
2021-10-10 21:29:18.863000,FTMUSDT,56385974,2.2234,1480.0,True,-3290.632,2160400.4780999846,-1,2341
2021-10-10 21:29:18.863000,FTMUSDT,56385975,2.2231,800.0,True,-1778.48,2158621.9980999846,-1,2340
2021-10-10 21:29:18.863000,FTMUSDT,56385976,2.223,630.0,True,-1400.49,2157221.5080999844,-1,2339
2021-10-10 21:29:18.863000,FTMUSDT,56385977,2.2228,792.0,True,-1760.4576,2155461.0504999845,-1,2338
2021-10-10 21:29:18.863000,FTMUSDT,56385978,2.2227,795.0,True,-1767.0465000000002,2153694.0039999844,-1,2337
2021-10-10 21:29:20.150000,FTMUSDT,56385979,2.2233,1498.0,False,3330.5034,2157024.507399984,1,2338
2021-10-10 21:29:20.150000,FTMUSDT,56385980,2.2234,838.0,False,1863.2092,2158887.716599984,1,2339
2021-10-10 21:29:20.214000,FTMUSDT,56385981,2.2236,157.0,True,-349.1052,2158538.611399984,-1,2338
2021-10-10 21:29:20.667000,FTMUSDT,56385982,2.2233,46.0,True,-102.2718,2158436.339599984,-1,2337
2021-10-10 21:29:21.151000,FTMUSDT,56385983,2.2234,944.0,False,2098.8896,2160535.229199984,1,2338
2021-10-10 21:29:21.868000,FTMUSDT,56385984,2.2224,130.0,True,-288.912,2160246.317199984,-1,2337
2021-10-10 21:29:23.495000,FTMUSDT,56385985,2.222,94.0,True,-208.868,2160037.449199984,-1,2336
2021-10-10 21:29:23.655000,FTMUSDT,56385986,2.2217,29.0,True,-64.4293,2159973.019899984,-1,2335
2021-10-10 21:29:24.411000,FTMUSDT,56385987,2.2223,5.0,False,11.1115,2159984.131399984,1,2336
2021-10-10 21:29:24.709000,FTMUSDT,56385988,2.2222,24.0,True,-53.3328,2159930.798599984,-1,2335
2021-10-10 21:29:25.707000,FTMUSDT,56385989,2.2223,1006.0,True,-2235.6338,2157695.164799984,-1,2334
2021-10-10 21:29:26.149000,FTMUSDT,56385990,2.2224,63.0,False,140.0112,2157835.175999984,1,2335
2021-10-10 21:29:27.174000,FTMUSDT,56385991,2.2222,86.0,True,-191.1092,2157644.0667999843,-1,2334
2021-10-10 21:29:27.174000,FTMUSDT,56385992,2.2221,520.0,True,-1155.4920000000002,2156488.574799984,-1,2333
2021-10-10 21:29:27.174000,FTMUSDT,56385993,2.222,5.0,True,-11.11,2156477.4647999844,-1,2332
2021-10-10 21:29:27.174000,FTMUSDT,56385994,2.2217,591.0,True,-1313.0247,2155164.4400999844,-1,2331
2021-10-10 21:29:27.174000,FTMUSDT,56385995,2.2216,172.0,True,-382.1152,2154782.3248999845,-1,2330
2021-10-10 21:29:27.748000,FTMUSDT,56385996,2.2222,62.0,False,137.7764,2154920.1012999844,1,2331
2021-10-10 21:29:29.117000,FTMUSDT,56385997,2.2221,46.0,False,102.2166,2155022.3178999843,1,2332
2021-10-10 21:29:29.339000,FTMUSDT,56385998,2.2219,343.0,True,-762.1117,2154260.2061999845,-1,2331
2021-10-10 21:29:29.366000,FTMUSDT,56385999,2.2222,62.0,False,137.7764,2154397.9825999844,1,2332
2021-10-10 21:29:30.628000,FTMUSDT,56386000,2.2222,25.0,False,55.555,2154453.537599985,1,2333
2021-10-10 21:29:30.715000,FTMUSDT,56386001,2.2221,50.0,True,-111.105,2154342.4325999846,-1,2332
2021-10-10 21:29:31.202000,FTMUSDT,56386002,2.2221,1154.0,False,2564.3034,2156906.7359999847,1,2333
2021-10-10 21:29:31.259000,FTMUSDT,56386003,2.2221,1267.0,False,2815.4007,2159722.136699985,1,2334
2021-10-10 21:29:31.300000,FTMUSDT,56386004,2.2221,583.0,False,1295.4843,2161017.620999985,1,2335
2021-10-10 21:29:31.827000,FTMUSDT,56386005,2.2222,45.0,False,99.999,2161117.6199999847,1,2336
2021-10-10 21:29:32.357000,FTMUSDT,56386006,2.2222,535.0,False,1188.877,2162306.4969999846,1,2337
2021-10-10 21:29:33.864000,FTMUSDT,56386007,2.2219,129.0,True,-286.62510000000003,2162019.871899985,-1,2336
2021-10-10 21:29:33.914000,FTMUSDT,56386008,2.2219,114.0,True,-253.2966,2161766.575299985,-1,2335
2021-10-10 21:29:34.148000,FTMUSDT,56386009,2.2219,956.0,True,-2124.1364000000003,2159642.4388999846,-1,2334
2021-10-10 21:29:34.148000,FTMUSDT,56386010,2.2218,124.0,True,-275.5032,2159366.9356999844,-1,2333
2021-10-10 21:29:34.207000,FTMUSDT,56386011,2.2221,960.0,False,2133.2160000000003,2161500.1516999844,1,2334
2021-10-10 21:29:34.354000,FTMUSDT,56386012,2.2222,22.0,False,48.8884,2161549.0400999845,1,2335
2021-10-10 21:29:34.998000,FTMUSDT,56386013,2.2222,69.0,False,153.3318,2161702.3718999843,1,2336
2021-10-10 21:29:35.171000,FTMUSDT,56386014,2.2222,45.0,False,99.999,2161802.370899984,1,2337
2021-10-10 21:29:35.769000,FTMUSDT,56386015,2.222,1303.0,True,-2895.266,2158907.1048999843,-1,2336
2021-10-10 21:29:35.855000,FTMUSDT,56386016,2.2219,11.0,False,24.440900000000003,2158931.545799984,1,2337
2021-10-10 21:29:35.905000,FTMUSDT,56386017,2.2219,960.0,False,2133.0240000000003,2161064.5697999843,1,2338
2021-10-10 21:29:35.954000,FTMUSDT,56386018,2.222,222.0,False,493.284,2161557.8537999843,1,2339
2021-10-10 21:29:35.977000,FTMUSDT,56386019,2.2221,89.0,False,197.7669,2161755.6206999845,1,2340
2021-10-10 21:29:35.997000,FTMUSDT,56386020,2.2221,467.0,False,1037.7207,2162793.3413999844,1,2341
2021-10-10 21:29:36.253000,FTMUSDT,56386021,2.2222,48.0,False,106.6656,2162900.0069999844,1,2342
2021-10-10 21:29:36.779000,FTMUSDT,56386022,2.2222,86.0,False,191.1092,2163091.116199984,1,2343
2021-10-10 21:29:36.817000,FTMUSDT,56386023,2.2222,102.0,False,226.6644,2163317.7805999843,1,2344
2021-10-10 21:29:36.817000,FTMUSDT,56386024,2.2223,520.0,False,1155.596,2164473.376599984,1,2345
2021-10-10 21:29:36.817000,FTMUSDT,56386025,2.2224,1487.0,False,3304.7088,2167778.0853999844,1,2346
2021-10-10 21:29:37.561000,FTMUSDT,56386026,2.2221,960.0,False,2133.2160000000003,2169911.3013999844,1,2347
2021-10-10 21:29:37.608000,FTMUSDT,56386027,2.2221,960.0,False,2133.2160000000003,2172044.5173999844,1,2348
2021-10-10 21:29:38.098000,FTMUSDT,56386028,2.2219,17.0,False,37.7723,2172082.289699984,1,2349
2021-10-10 21:29:38.213000,FTMUSDT,56386029,2.2224,579.0,False,1286.7696,2173369.0592999845,1,2350
2021-10-10 21:29:38.231000,FTMUSDT,56386030,2.2226,222.0,False,493.4172,2173862.4764999845,1,2351
2021-10-10 21:29:38.231000,FTMUSDT,56386031,2.2227,43.0,False,95.5761,2173958.0525999847,1,2352
2021-10-10 21:29:38.231000,FTMUSDT,56386032,2.2228,287.0,False,637.9436,2174595.9961999846,1,2353
2021-10-10 21:29:38.231000,FTMUSDT,56386033,2.223,441.0,False,980.343,2175576.3391999844,1,2354
2021-10-10 21:29:38.231000,FTMUSDT,56386034,2.2231,450.0,False,1000.395,2176576.7341999845,1,2355
2021-10-10 21:29:38.231000,FTMUSDT,56386035,2.2232,542.0,False,1204.9743999999998,2177781.7085999846,1,2356
2021-10-10 21:29:38.231000,FTMUSDT,56386036,2.2233,743.0,False,1651.9119,2179433.620499985,1,2357
2021-10-10 21:29:38.244000,FTMUSDT,56386037,2.2235,6339.0,False,14094.7665,2193528.3869999847,1,2358
2021-10-10 21:29:38.245000,FTMUSDT,56386038,2.2233,206.0,False,457.9998,2193986.3867999846,1,2359
2021-10-10 21:29:38.253000,FTMUSDT,56386039,2.2233,206.0,False,457.9998,2194444.3865999845,1,2360
2021-10-10 21:29:38.254000,FTMUSDT,56386040,2.2233,15.0,False,33.3495,2194477.7360999845,1,2361
2021-10-10 21:29:38.278000,FTMUSDT,56386041,2.2239,1123.0,False,2497.4397,2196975.1757999845,1,2362
2021-10-10 21:29:38.278000,FTMUSDT,56386042,2.224,3.0,False,6.672000000000001,2196981.8477999843,1,2363
2021-10-10 21:29:38.292000,FTMUSDT,56386043,2.224,198.0,False,440.352,2197422.199799984,1,2364
2021-10-10 21:29:38.302000,FTMUSDT,56386044,2.2239,449.0,False,998.5311,2198420.730899984,1,2365
2021-10-10 21:29:38.302000,FTMUSDT,56386045,2.224,495.0,False,1100.88,2199521.610899984,1,2366
2021-10-10 21:29:38.315000,FTMUSDT,56386046,2.2246,264.0,False,587.2944,2200108.905299984,1,2367
2021-10-10 21:29:38.336000,FTMUSDT,56386047,2.2241,808.0,False,1797.0728,2201905.978099984,1,2368
2021-10-10 21:29:38.346000,FTMUSDT,56386048,2.2246,534.0,False,1187.9364,2203093.914499984,1,2369
2021-10-10 21:29:38.346000,FTMUSDT,56386049,2.225,274.0,False,609.65,2203703.564499984,1,2370
2021-10-10 21:29:38.413000,FTMUSDT,56386050,2.225,195.0,False,433.875,2204137.439499984,1,2371
2021-10-10 21:29:38.448000,FTMUSDT,56386051,2.2253,125.0,False,278.1625,2204415.601999984,1,2372
2021-10-10 21:29:38.672000,FTMUSDT,56386052,2.2253,1690.0,False,3760.757,2208176.3589999843,1,2373
2021-10-10 21:29:38.672000,FTMUSDT,56386053,2.2256,130.0,False,289.328,2208465.686999985,1,2374
2021-10-10 21:29:38.672000,FTMUSDT,56386054,2.2258,630.0,False,1402.254,2209867.9409999847,1,2375
2021-10-10 21:29:38.672000,FTMUSDT,56386055,2.2259,897.0,False,1996.6323,2211864.573299985,1,2376
2021-10-10 21:29:38.683000,FTMUSDT,56386056,2.2264,184.0,False,409.6576,2212274.230899985,1,2377
2021-10-10 21:29:38.713000,FTMUSDT,56386057,2.2263,222.0,False,494.2386,2212768.4694999848,1,2378
2021-10-10 21:29:38.713000,FTMUSDT,56386058,2.2265,400.0,False,890.6,2213659.069499985,1,2379
2021-10-10 21:29:38.713000,FTMUSDT,56386059,2.2267,1507.0,False,3355.6369,2217014.7063999847,1,2380
2021-10-10 21:29:38.716000,FTMUSDT,56386060,2.2261,17.0,True,-37.843700000000005,2216976.8626999846,-1,2379
2021-10-10 21:29:38.750000,FTMUSDT,56386061,2.2269,800.0,False,1781.52,2218758.3826999846,1,2380
2021-10-10 21:29:38.759000,FTMUSDT,56386062,2.2272,352.0,False,783.9744,2219542.357099985,1,2381
2021-10-10 21:29:38.771000,FTMUSDT,56386063,2.2271,206.0,False,458.7826,2220001.139699985,1,2382
2021-10-10 21:29:39.279000,FTMUSDT,56386064,2.2274,330.0,False,735.0419999999999,2220736.1816999847,1,2383
2021-10-10 21:29:39.279000,FTMUSDT,56386065,2.2275,115.0,False,256.1625,2220992.344199985,1,2384
2021-10-10 21:29:39.295000,FTMUSDT,56386066,2.2275,78.0,False,173.745,2221166.089199985,1,2385
2021-10-10 21:29:39.295000,FTMUSDT,56386067,2.2278,19.0,False,42.3282,2221208.417399985,1,2386
2021-10-10 21:29:39.295000,FTMUSDT,56386068,2.2279,71.0,False,158.1809,2221366.598299985,1,2387
2021-10-10 21:29:39.295000,FTMUSDT,56386069,2.228,10.0,False,22.28,2221388.8782999846,1,2388
2021-10-10 21:29:39.295000,FTMUSDT,56386070,2.2281,9.0,False,20.0529,2221408.9311999846,1,2389
2021-10-10 21:29:39.295000,FTMUSDT,56386071,2.2282,757.0,False,1686.7474000000002,2223095.678599985,1,2390
2021-10-10 21:29:39.324000,FTMUSDT,56386072,2.2281,222.0,False,494.6382,2223590.316799985,1,2391
2021-10-10 21:29:39.334000,FTMUSDT,56386073,2.2283,229.0,False,510.2807,2224100.597499985,1,2392
2021-10-10 21:29:39.364000,FTMUSDT,56386074,2.2285,9.0,False,20.0565,2224120.6539999847,1,2393
2021-10-10 21:29:39.364000,FTMUSDT,56386075,2.2286,11.0,False,24.5146,2224145.1685999846,1,2394
2021-10-10 21:29:39.394000,FTMUSDT,56386076,2.2289,24.0,False,53.4936,2224198.662199985,1,2395
2021-10-10 21:29:39.684000,FTMUSDT,56386077,2.2281,960.0,False,2138.976,2226337.638199985,1,2396
2021-10-10 21:29:39.703000,FTMUSDT,56386078,2.2278,49.0,True,-109.16219999999998,2226228.4759999844,-1,2395
2021-10-10 21:29:39.747000,FTMUSDT,56386079,2.2278,140.0,True,-311.892,2225916.5839999844,-1,2394
2021-10-10 21:29:39.747000,FTMUSDT,56386080,2.2277,109.0,True,-242.8193,2225673.7646999843,-1,2393
2021-10-10 21:29:39.747000,FTMUSDT,56386081,2.2274,960.0,True,-2138.304,2223535.4606999843,-1,2392
2021-10-10 21:29:39.747000,FTMUSDT,56386082,2.2273,56.0,True,-124.7288,2223410.731899984,-1,2391
2021-10-10 21:29:39.747000,FTMUSDT,56386083,2.2272,617.0,True,-1374.1824,2222036.5494999844,-1,2390
2021-10-10 21:29:39.747000,FTMUSDT,56386084,2.2271,4649.0,True,-10353.7879,2211682.7615999845,-1,2389
2021-10-10 21:29:39.899000,FTMUSDT,56386085,2.2283,135.0,False,300.8205,2211983.5820999844,1,2390
2021-10-10 21:29:40.757000,FTMUSDT,56386086,2.2281,22.0,False,49.0182,2212032.600299984,1,2391
2021-10-10 21:29:40.838000,FTMUSDT,56386087,2.2274,2261.0,True,-5036.1514,2206996.4488999844,-1,2390
2021-10-10 21:29:40.847000,FTMUSDT,56386088,2.2274,521.0,True,-1160.4753999999998,2205835.9734999845,-1,2389
2021-10-10 21:29:40.896000,FTMUSDT,56386089,2.2264,166.0,True,-369.5824,2205466.3910999843,-1,2388
2021-10-10 21:29:41.831000,FTMUSDT,56386090,2.2274,222.0,False,494.4828,2205960.873899984,1,2389
2021-10-10 21:29:41.831000,FTMUSDT,56386091,2.2275,960.0,False,2138.4,2208099.273899984,1,2390
2021-10-10 21:29:41.831000,FTMUSDT,56386092,2.2277,562.0,False,1251.9674,2209351.241299984,1,2391
2021-10-10 21:29:41.831000,FTMUSDT,56386093,2.2278,496.0,False,1104.9888,2210456.230099984,1,2392
2021-10-10 21:29:41.834000,FTMUSDT,56386094,2.2264,1346.0,True,-2996.7344,2207459.495699984,-1,2391
2021-10-10 21:29:41.834000,FTMUSDT,56386095,2.2263,342.0,True,-761.3946000000001,2206698.101099984,-1,2390
2021-10-10 21:29:42.054000,FTMUSDT,56386096,2.227,98.0,False,218.246,2206916.347099984,1,2391
2021-10-10 21:29:42.749000,FTMUSDT,56386097,2.2265,200.0,False,445.3,2207361.6470999834,1,2392
2021-10-10 21:29:43.739000,FTMUSDT,56386098,2.2258,67.0,True,-149.1286,2207212.5184999835,-1,2391
2021-10-10 21:29:43.884000,FTMUSDT,56386099,2.2265,5.0,False,11.1325,2207223.650999984,1,2392
2021-10-10 21:29:44.955000,FTMUSDT,56386100,2.2263,200.0,False,445.2600000000001,2207668.910999983,1,2393
2021-10-10 21:29:45.091000,FTMUSDT,56386101,2.2262,39.0,False,86.8218,2207755.732799983,1,2394
2021-10-10 21:29:46.088000,FTMUSDT,56386102,2.2264,44.0,False,97.9616,2207853.694399983,1,2395
2021-10-10 21:29:46.246000,FTMUSDT,56386103,2.2254,16.0,True,-35.6064,2207818.087999983,-1,2394
2021-10-10 21:29:47.080000,FTMUSDT,56386104,2.2264,75.0,False,166.98,2207985.067999983,1,2395
2021-10-10 21:29:47.763000,FTMUSDT,56386105,2.2268,200.0,False,445.36,2208430.427999983,1,2396
2021-10-10 21:29:48.219000,FTMUSDT,56386106,2.2262,119.0,False,264.9178,2208695.345799983,1,2397
2021-10-10 21:29:49.012000,FTMUSDT,56386107,2.2261,34.0,True,-75.68740000000001,2208619.658399983,-1,2396
2021-10-10 21:29:50.459000,FTMUSDT,56386108,2.2259,15.0,False,33.3885,2208653.0468999827,1,2397
2021-10-10 21:29:50.965000,FTMUSDT,56386109,2.2259,415.0,False,923.7485,2209576.795399983,1,2398
2021-10-10 21:29:51.208000,FTMUSDT,56386110,2.2251,11.0,True,-24.4761,2209552.319299983,-1,2397
2021-10-10 21:29:52.199000,FTMUSDT,56386111,2.2261,222.0,False,494.1942,2210046.5134999827,1,2398
2021-10-10 21:29:52.711000,FTMUSDT,56386112,2.2259,72.0,True,-160.2648,2209886.2486999827,-1,2397
2021-10-10 21:29:53.187000,FTMUSDT,56386113,2.2265,30.0,False,66.795,2209953.0436999826,1,2398
2021-10-10 21:29:53.294000,FTMUSDT,56386114,2.2274,70.0,False,155.91799999999998,2210108.961699982,1,2399
2021-10-10 21:29:55.342000,FTMUSDT,56386115,2.2269,419.0,True,-933.0711,2209175.890599983,-1,2398
2021-10-10 21:29:56.339000,FTMUSDT,56386116,2.2277,61.0,False,135.8897,2209311.780299983,1,2399
2021-10-10 21:29:56.801000,FTMUSDT,56386117,2.2271,200.0,False,445.42,2209757.200299983,1,2400
2021-10-10 21:29:56.977000,FTMUSDT,56386118,2.2265,529.0,True,-1177.8185,2208579.381799983,-1,2399
2021-10-10 21:29:56.977000,FTMUSDT,56386119,2.2263,366.0,True,-814.8258000000001,2207764.555999982,-1,2398
2021-10-10 21:29:57.810000,FTMUSDT,56386120,2.2261,960.0,False,2137.056,2209901.6119999825,1,2399
2021-10-10 21:29:57.810000,FTMUSDT,56386121,2.2267,387.0,False,861.7329000000001,2210763.3448999827,1,2400
2021-10-10 21:29:58.036000,FTMUSDT,56386122,2.2257,61.0,False,135.7677,2210899.112599983,1,2401
2021-10-10 21:29:58.040000,FTMUSDT,56386123,2.2257,101.0,False,224.7957,2211123.908299983,1,2402
2021-10-10 21:29:58.100000,FTMUSDT,56386124,2.2253,139.0,True,-309.3167,2210814.591599983,-1,2401
2021-10-10 21:29:58.461000,FTMUSDT,56386125,2.2263,16.0,False,35.6208,2210850.212399984,1,2402
2021-10-10 21:29:58.655000,FTMUSDT,56386126,2.2263,404.0,False,899.4252,2211749.637599984,1,2403
2021-10-10 21:29:58.920000,FTMUSDT,56386127,2.2253,20.0,True,-44.506,2211705.131599983,-1,2402
2021-10-10 21:29:59.350000,FTMUSDT,56386128,2.226,200.0,False,445.2,2212150.3315999834,1,2403
2021-10-10 21:29:59.694000,FTMUSDT,56386129,2.2263,60.0,False,133.578,2212283.909599984,1,2404
2021-10-10 21:30:00.087000,FTMUSDT,56386130,2.2267,16.0,False,35.6272,2212319.536799984,1,2405
2021-10-10 21:30:01.134000,FTMUSDT,56386131,2.2266,1123.0,True,-2500.4718,2209819.064999984,-1,2404
2021-10-10 21:30:01.134000,FTMUSDT,56386132,2.2265,34.0,True,-75.70100000000001,2209743.363999984,-1,2403
2021-10-10 21:30:01.134000,FTMUSDT,56386133,2.226,7.0,True,-15.582,2209727.781999984,-1,2402
2021-10-10 21:30:01.134000,FTMUSDT,56386134,2.2259,783.0,True,-1742.8797000000002,2207984.902299984,-1,2401
2021-10-10 21:30:01.134000,FTMUSDT,56386135,2.2258,960.0,True,-2136.768,2205848.134299984,-1,2400
2021-10-10 21:30:01.134000,FTMUSDT,56386136,2.2256,709.0,True,-1577.9504,2204270.183899984,-1,2399
2021-10-10 21:30:01.782000,FTMUSDT,56386137,2.2281,16.0,False,35.6496,2204305.833499984,1,2400
2021-10-10 21:30:02.051000,FTMUSDT,56386138,2.2266,7.0,True,-15.5862,2204290.247299984,-1,2399
2021-10-10 21:30:02.351000,FTMUSDT,56386139,2.2279,34.0,False,75.7486,2204365.995899984,1,2400
2021-10-10 21:30:02.615000,FTMUSDT,56386140,2.2279,44.0,False,98.0276,2204464.0234999843,1,2401
2021-10-10 21:30:03.392000,FTMUSDT,56386141,2.2283,23.0,False,51.2509,2204515.274399984,1,2402
2021-10-10 21:30:03.433000,FTMUSDT,56386142,2.2285,1512.0,False,3369.492,2207884.766399984,1,2403
2021-10-10 21:30:03.591000,FTMUSDT,56386143,2.2285,2680.0,False,5972.38,2213857.146399984,1,2404
2021-10-10 21:30:03.694000,FTMUSDT,56386144,2.2286,92.0,False,205.0312,2214062.177599984,1,2405
2021-10-10 21:30:04.189000,FTMUSDT,56386145,2.2288,11.0,True,-24.5168,2214037.6607999844,-1,2404
2021-10-10 21:30:04.190000,FTMUSDT,56386146,2.229,19.0,False,42.351,2214080.011799984,1,2405
2021-10-10 21:30:04.289000,FTMUSDT,56386147,2.2289,14.0,True,-31.2046,2214048.8071999843,-1,2404
2021-10-10 21:30:04.300000,FTMUSDT,56386148,2.2292,222.0,False,494.8824,2214543.6895999843,1,2405
2021-10-10 21:30:04.367000,FTMUSDT,56386149,2.2289,11.0,True,-24.5179,2214519.1716999845,-1,2404
2021-10-10 21:30:04.632000,FTMUSDT,56386150,2.2289,116.0,True,-258.5524,2214260.6192999845,-1,2403
2021-10-10 21:30:04.685000,FTMUSDT,56386151,2.2289,11.0,True,-24.5179,2214236.1013999847,-1,2402
2021-10-10 21:30:04.685000,FTMUSDT,56386152,2.2285,45.0,True,-100.2825,2214135.8188999845,-1,2401
2021-10-10 21:30:04.786000,FTMUSDT,56386153,2.2281,960.0,True,-2138.976,2211996.8428999847,-1,2400
2021-10-10 21:30:04.825000,FTMUSDT,56386154,2.2278,960.0,True,-2138.688,2209858.1548999846,-1,2399
2021-10-10 21:30:04.852000,FTMUSDT,56386155,2.2276,97.0,True,-216.0772,2209642.0776999844,-1,2398
2021-10-10 21:30:04.857000,FTMUSDT,56386156,2.2276,124.0,True,-276.2224,2209365.8552999846,-1,2397
2021-10-10 21:30:04.868000,FTMUSDT,56386157,2.2268,2199.0,True,-4896.7332,2204469.1220999844,-1,2396
2021-10-10 21:30:04.868000,FTMUSDT,56386158,2.2266,940.0,True,-2093.004,2202376.118099984,-1,2395
2021-10-10 21:30:05.601000,FTMUSDT,56386159,2.2276,393.0,False,875.4467999999999,2203251.5648999843,1,2396
2021-10-10 21:30:06.543000,FTMUSDT,56386160,2.2267,29.0,True,-64.57430000000001,2203186.9905999843,-1,2395
2021-10-10 21:30:06.713000,FTMUSDT,56386161,2.2267,6.0,True,-13.3602,2203173.6303999843,-1,2394
2021-10-10 21:30:06.853000,FTMUSDT,56386162,2.2268,74.0,True,-164.7832,2203008.8471999844,-1,2393
2021-10-10 21:30:06.853000,FTMUSDT,56386163,2.2267,3.0,True,-6.6801,2203002.1670999844,-1,2392
2021-10-10 21:30:07.200000,FTMUSDT,56386164,2.2273,36.0,True,-80.1828,2202921.9842999843,-1,2391
2021-10-10 21:30:07.588000,FTMUSDT,56386165,2.228,103.0,False,229.484,2203151.4682999845,1,2392
2021-10-10 21:30:07.714000,FTMUSDT,56386166,2.228,13.0,False,28.964,2203180.4322999846,1,2393
2021-10-10 21:30:07.816000,FTMUSDT,56386167,2.2279,56.0,False,124.7624,2203305.1946999845,1,2394
2021-10-10 21:30:08.102000,FTMUSDT,56386168,2.228,404.0,False,900.1120000000001,2204205.3066999847,1,2395
2021-10-10 21:30:08.108000,FTMUSDT,56386169,2.2281,30.0,False,66.843,2204272.1496999846,1,2396
2021-10-10 21:30:08.184000,FTMUSDT,56386170,2.2285,520.0,False,1158.82,2205430.9696999844,1,2397
2021-10-10 21:30:08.184000,FTMUSDT,56386171,2.2294,241.0,False,537.2854,2205968.2550999844,1,2398
2021-10-10 21:30:08.408000,FTMUSDT,56386172,2.2281,48.0,True,-106.9488,2205861.3062999845,-1,2397
2021-10-10 21:30:09.541000,FTMUSDT,56386173,2.2282,19.0,True,-42.335800000000006,2205818.9704999845,-1,2396
2021-10-10 21:30:10.086000,FTMUSDT,56386174,2.2282,102.0,True,-227.2764,2205591.6940999846,-1,2395
2021-10-10 21:30:14.783000,FTMUSDT,56386175,2.2278,87.0,True,-193.8186,2205397.8754999847,-1,2394
2021-10-10 21:30:14.783000,FTMUSDT,56386176,2.2277,54.0,True,-120.2958,2205277.5796999848,-1,2393
2021-10-10 21:30:15.338000,FTMUSDT,56386177,2.2281,8.0,False,17.8248,2205295.404499985,1,2394
2021-10-10 21:30:15.681000,FTMUSDT,56386178,2.2289,2947.0,False,6568.5683,2211863.9727999847,1,2395
2021-10-10 21:30:15.681000,FTMUSDT,56386179,2.229,36.0,False,80.244,2211944.2167999847,1,2396
2021-10-10 21:30:17.192000,FTMUSDT,56386180,2.2287,1233.0,False,2747.9871,2214692.2038999847,1,2397
2021-10-10 21:30:17.192000,FTMUSDT,56386181,2.2288,649.0,False,1446.4912000000002,2216138.6950999848,1,2398
2021-10-10 21:30:17.192000,FTMUSDT,56386182,2.229,153.0,False,341.03700000000003,2216479.732099985,1,2399
2021-10-10 21:30:18.556000,FTMUSDT,56386183,2.2294,76.0,False,169.4344,2216649.166499985,1,2400
2021-10-10 21:30:18.583000,FTMUSDT,56386184,2.2294,7.0,False,15.6058,2216664.772299985,1,2401
2021-10-10 21:30:19.030000,FTMUSDT,56386185,2.2295,222.0,False,494.949,2217159.721299985,1,2402
2021-10-10 21:30:19.030000,FTMUSDT,56386186,2.2297,16.0,False,35.6752,2217195.396499985,1,2403
2021-10-10 21:30:19.030000,FTMUSDT,56386187,2.23,129.0,False,287.67,2217483.066499985,1,2404
2021-10-10 21:30:19.100000,FTMUSDT,56386188,2.2293,394.0,False,878.3441999999999,2218361.410699985,1,2405
2021-10-10 21:30:19.223000,FTMUSDT,56386189,2.229,229.0,True,-510.441,2217850.969699985,-1,2404
2021-10-10 21:30:21.047000,FTMUSDT,56386190,2.229,960.0,True,-2139.84,2215711.129699985,-1,2403
2021-10-10 21:30:21.108000,FTMUSDT,56386191,2.2287,34.0,True,-75.7758,2215635.353899985,-1,2402
2021-10-10 21:30:22.076000,FTMUSDT,56386192,2.2291,44.0,False,98.0804,2215733.434299985,1,2403
2021-10-10 21:30:22.621000,FTMUSDT,56386193,2.229,222.0,False,494.838,2216228.272299985,1,2404
2021-10-10 21:30:23.165000,FTMUSDT,56386194,2.2292,16.0,True,-35.6672,2216192.605099985,-1,2403
2021-10-10 21:30:23.215000,FTMUSDT,56386195,2.2292,8.0,True,-17.8336,2216174.771499985,-1,2402
2021-10-10 21:30:23.355000,FTMUSDT,56386196,2.2292,9.0,True,-20.0628,2216154.708699985,-1,2401
2021-10-10 21:30:23.678000,FTMUSDT,56386197,2.2292,158.0,True,-352.2136,2215802.495099985,-1,2400
2021-10-10 21:30:23.718000,FTMUSDT,56386198,2.2292,16.0,True,-35.6672,2215766.827899985,-1,2399
2021-10-10 21:30:23.718000,FTMUSDT,56386199,2.2291,699.0,True,-1558.1409,2214208.686999985,-1,2398
2021-10-10 21:30:23.742000,FTMUSDT,56386200,2.229,148.0,True,-329.892,2213878.794999985,-1,2397
2021-10-10 21:30:23.742000,FTMUSDT,56386201,2.229,986.0,True,-2197.794,2211681.000999985,-1,2396
2021-10-10 21:30:23.746000,FTMUSDT,56386202,2.229,89.0,True,-198.381,2211482.6199999847,-1,2395
2021-10-10 21:30:23.750000,FTMUSDT,56386203,2.229,1362.0,True,-3035.898,2208446.7219999847,-1,2394
2021-10-10 21:30:23.752000,FTMUSDT,56386204,2.229,857.0,True,-1910.253,2206536.4689999847,-1,2393
2021-10-10 21:30:23.774000,FTMUSDT,56386205,2.229,1494.0,True,-3330.126,2203206.3429999845,-1,2392
2021-10-10 21:30:23.786000,FTMUSDT,56386206,2.229,681.0,True,-1517.949,2201688.3939999845,-1,2391
2021-10-10 21:30:23.797000,FTMUSDT,56386207,2.229,469.0,True,-1045.401,2200642.9929999844,-1,2390
2021-10-10 21:30:23.799000,FTMUSDT,56386208,2.229,212.0,True,-472.548,2200170.4449999845,-1,2389
2021-10-10 21:30:23.966000,FTMUSDT,56386209,2.2291,8.0,False,17.8328,2200188.2777999844,1,2390
2021-10-10 21:30:24.573000,FTMUSDT,56386210,2.229,13.0,False,28.977,2200217.2547999844,1,2391
2021-10-10 21:30:25.496000,FTMUSDT,56386211,2.229,40.0,False,89.16,2200306.4147999845,1,2392
2021-10-10 21:30:25.581000,FTMUSDT,56386212,2.2289,760.0,True,-1693.964,2198612.4507999844,-1,2391
2021-10-10 21:30:25.594000,FTMUSDT,56386213,2.2281,960.0,True,-2138.976,2196473.4747999846,-1,2390
2021-10-10 21:30:26.385000,FTMUSDT,56386214,2.2287,1498.0,False,3338.5926,2199812.0673999847,1,2391
2021-10-10 21:30:26.589000,FTMUSDT,56386215,2.2287,59.0,False,131.4933,2199943.560699985,1,2392
2021-10-10 21:30:26.900000,FTMUSDT,56386216,2.2286,64.0,False,142.6304,2200086.191099985,1,2393
2021-10-10 21:30:26.946000,FTMUSDT,56386217,2.2286,17.0,False,37.8862,2200124.077299985,1,2394
2021-10-10 21:30:27.324000,FTMUSDT,56386218,2.2286,321.0,False,715.3806000000001,2200839.457899985,1,2395
2021-10-10 21:30:27.500000,FTMUSDT,56386219,2.2285,169.0,True,-376.6165,2200462.841399985,-1,2394
2021-10-10 21:30:27.500000,FTMUSDT,56386220,2.2285,107.0,True,-238.4495,2200224.391899985,-1,2393
2021-10-10 21:30:27.501000,FTMUSDT,56386221,2.2285,1581.0,True,-3523.2585,2196701.133399985,-1,2392
2021-10-10 21:30:28.063000,FTMUSDT,56386222,2.2278,153.0,False,340.8534,2197041.9867999847,1,2393
2021-10-10 21:30:28.243000,FTMUSDT,56386223,2.2278,59.0,False,131.44019999999998,2197173.426999985,1,2394
2021-10-10 21:30:28.433000,FTMUSDT,56386224,2.2277,222.0,False,494.5494,2197667.9763999847,1,2395
2021-10-10 21:30:28.433000,FTMUSDT,56386225,2.2278,825.0,False,1837.935,2199505.9113999847,1,2396
2021-10-10 21:30:28.433000,FTMUSDT,56386226,2.2284,1238.0,False,2758.7592000000004,2202264.670599985,1,2397
2021-10-10 21:30:28.433000,FTMUSDT,56386227,2.2285,2062.0,False,4595.167,2206859.837599985,1,2398
2021-10-10 21:30:28.433000,FTMUSDT,56386228,2.2286,413.0,False,920.4118,2207780.2493999847,1,2399
2021-10-10 21:30:28.433000,FTMUSDT,56386229,2.2287,1332.0,False,2968.6284,2210748.8777999845,1,2400
2021-10-10 21:30:28.433000,FTMUSDT,56386230,2.2288,1174.0,False,2616.6112000000003,2213365.4889999847,1,2401
2021-10-10 21:30:28.433000,FTMUSDT,56386231,2.2289,1963.0,False,4375.3307,2217740.8196999845,1,2402
2021-10-10 21:30:28.433000,FTMUSDT,56386232,2.229,4947.0,False,11026.863,2228767.6826999844,1,2403
2021-10-10 21:30:28.433000,FTMUSDT,56386233,2.2292,5876.0,False,13098.7792,2241866.4618999846,1,2404
2021-10-10 21:30:28.433000,FTMUSDT,56386234,2.2295,3669.0,False,8180.035499999999,2250046.497399985,1,2405
2021-10-10 21:30:28.433000,FTMUSDT,56386235,2.2299,288.0,False,642.2112000000001,2250688.7085999846,1,2406
2021-10-10 21:30:28.433000,FTMUSDT,56386236,2.23,1673.0,False,3730.79,2254419.4985999847,1,2407
2021-10-10 21:30:28.440000,FTMUSDT,56386237,2.23,2778.0,True,-6194.94,2248224.5585999847,-1,2406
2021-10-10 21:30:28.441000,FTMUSDT,56386238,2.23,32.0,True,-71.36,2248153.198599985,-1,2405
2021-10-10 21:30:28.441000,FTMUSDT,56386239,2.23,12600.0,True,-28098.0,2220055.198599985,-1,2404
2021-10-10 21:30:28.444000,FTMUSDT,56386240,2.23,3366.0,True,-7506.18,2212549.0185999847,-1,2403
2021-10-10 21:30:28.444000,FTMUSDT,56386241,2.23,251.0,True,-559.73,2211989.2885999847,-1,2402
2021-10-10 21:30:28.445000,FTMUSDT,56386242,2.23,19.0,True,-42.37,2211946.9185999846,-1,2401
2021-10-10 21:30:28.446000,FTMUSDT,56386243,2.23,14.0,True,-31.22,2211915.6985999844,-1,2400
2021-10-10 21:30:28.449000,FTMUSDT,56386244,2.23,1008.0,True,-2247.84,2209667.858599985,-1,2399
2021-10-10 21:30:28.450000,FTMUSDT,56386245,2.23,21.0,True,-46.83,2209621.0285999845,-1,2398
2021-10-10 21:30:28.451000,FTMUSDT,56386246,2.23,17.0,True,-37.91,2209583.1185999843,-1,2397
2021-10-10 21:30:28.451000,FTMUSDT,56386247,2.23,1008.0,True,-2247.84,2207335.2785999845,-1,2396
2021-10-10 21:30:28.451000,FTMUSDT,56386248,2.23,916.0,True,-2042.68,2205292.5985999843,-1,2395
2021-10-10 21:30:28.454000,FTMUSDT,56386249,2.23,449.0,True,-1001.27,2204291.3285999843,-1,2394
2021-10-10 21:30:28.458000,FTMUSDT,56386250,2.23,21.0,True,-46.83,2204244.498599984,-1,2393
2021-10-10 21:30:28.470000,FTMUSDT,56386251,2.23,35.0,True,-78.05,2204166.4485999844,-1,2392
2021-10-10 21:30:28.488000,FTMUSDT,56386252,2.23,206.0,True,-459.38,2203707.0685999845,-1,2391
2021-10-10 21:30:28.495000,FTMUSDT,56386253,2.2302,19.0,False,42.3738,2203749.4423999847,1,2392
2021-10-10 21:30:28.498000,FTMUSDT,56386254,2.2302,715.0,False,1594.593,2205344.0353999846,1,2393
2021-10-10 21:30:28.498000,FTMUSDT,56386255,2.2303,2188.0,False,4879.8964000000005,2210223.9317999845,1,2394
2021-10-10 21:30:28.498000,FTMUSDT,56386256,2.2304,194.0,False,432.6976,2210656.6293999846,1,2395
2021-10-10 21:30:28.510000,FTMUSDT,56386257,2.2306,30.0,False,66.91799999999999,2210723.5473999847,1,2396
2021-10-10 21:30:28.510000,FTMUSDT,56386258,2.2307,299.0,False,666.9793000000001,2211390.5266999844,1,2397
2021-10-10 21:30:28.510000,FTMUSDT,56386259,2.2307,151.0,False,336.83570000000003,2211727.3623999846,1,2398
2021-10-10 21:30:28.510000,FTMUSDT,56386260,2.2308,77.0,False,171.77159999999998,2211899.1339999847,1,2399
2021-10-10 21:30:28.521000,FTMUSDT,56386261,2.2308,951.0,False,2121.4908,2214020.6247999845,1,2400
2021-10-10 21:30:28.537000,FTMUSDT,56386262,2.231,41.0,False,91.471,2214112.0957999844,1,2401
2021-10-10 21:30:28.549000,FTMUSDT,56386263,2.231,8.0,True,-17.848,2214094.247799984,-1,2400
2021-10-10 21:30:28.555000,FTMUSDT,56386264,2.2311,2211.0,False,4932.9621,2219027.2098999843,1,2401
2021-10-10 21:30:28.556000,FTMUSDT,56386265,2.231,168.0,True,-374.808,2218652.401899984,-1,2400
2021-10-10 21:30:28.559000,FTMUSDT,56386266,2.231,2.0,True,-4.462,2218647.9398999843,-1,2399
2021-10-10 21:30:28.568000,FTMUSDT,56386267,2.23,6.0,True,-13.38,2218634.5598999844,-1,2398
2021-10-10 21:30:28.577000,FTMUSDT,56386268,2.2309,168.0,False,374.7912,2219009.3510999843,1,2399
2021-10-10 21:30:28.580000,FTMUSDT,56386269,2.2312,54.0,False,120.4848,2219129.8358999845,1,2400
2021-10-10 21:30:28.600000,FTMUSDT,56386270,2.2315,936.0,False,2088.684,2221218.5198999844,1,2401
2021-10-10 21:30:28.613000,FTMUSDT,56386271,2.2316,1530.0,False,3414.3479999999995,2224632.8678999846,1,2402
2021-10-10 21:30:28.661000,FTMUSDT,56386272,2.2306,79.0,True,-176.2174,2224456.6504999846,-1,2401
2021-10-10 21:30:28.666000,FTMUSDT,56386273,2.2306,400.0,True,-892.24,2223564.4104999844,-1,2400
2021-10-10 21:30:28.705000,FTMUSDT,56386274,2.2319,184.0,False,410.6696,2223975.0800999845,1,2401
2021-10-10 21:30:28.744000,FTMUSDT,56386275,2.232,637.0,False,1421.784,2225396.8640999845,1,2402
2021-10-10 21:30:28.765000,FTMUSDT,56386276,2.2312,24.0,True,-53.5488,2225343.3152999845,-1,2401
2021-10-10 21:30:28.861000,FTMUSDT,56386277,2.2313,21.0,True,-46.8573,2225296.4579999847,-1,2400
2021-10-10 21:30:28.903000,FTMUSDT,56386278,2.2323,960.0,False,2143.008,2227439.4659999846,1,2401
2021-10-10 21:30:28.910000,FTMUSDT,56386279,2.2313,186.0,True,-415.0218,2227024.4441999844,-1,2400
2021-10-10 21:30:28.910000,FTMUSDT,56386280,2.2312,4.0,True,-8.9248,2227015.5193999843,-1,2399
2021-10-10 21:30:28.912000,FTMUSDT,56386281,2.2312,9.0,True,-20.0808,2226995.438599984,-1,2398
2021-10-10 21:30:28.948000,FTMUSDT,56386282,2.2312,340.0,True,-758.608,2226236.830599984,-1,2397
2021-10-10 21:30:28.986000,FTMUSDT,56386283,2.2314,14.0,True,-31.2396,2226205.590999984,-1,2396
2021-10-10 21:30:28.986000,FTMUSDT,56386284,2.2312,132.0,True,-294.5184,2225911.072599984,-1,2395
2021-10-10 21:30:29,FTMUSDT,56386285,2.2322,23.0,False,51.3406,2225962.4131999845,1,2396
2021-10-10 21:30:29.009000,FTMUSDT,56386286,2.2322,198.0,False,441.9756,2226404.3887999845,1,2397
2021-10-10 21:30:29.532000,FTMUSDT,56386287,2.2309,26.0,True,-58.0034,2226346.3853999847,-1,2396
2021-10-10 21:30:29.583000,FTMUSDT,56386288,2.2309,167.0,True,-372.5603,2225973.8250999846,-1,2395
2021-10-10 21:30:29.586000,FTMUSDT,56386289,2.2309,24.0,True,-53.5416,2225920.2834999845,-1,2394
2021-10-10 21:30:29.629000,FTMUSDT,56386290,2.2309,23.0,True,-51.3107,2225868.9727999847,-1,2393
2021-10-10 21:30:29.642000,FTMUSDT,56386291,2.232,22.0,False,49.104000000000006,2225918.076799985,1,2394
2021-10-10 21:30:29.722000,FTMUSDT,56386292,2.2309,144.0,True,-321.2496,2225596.8271999843,-1,2393
2021-10-10 21:30:29.776000,FTMUSDT,56386293,2.2318,40.0,False,89.27199999999999,2225686.099199984,1,2394
2021-10-10 21:30:29.779000,FTMUSDT,56386294,2.2309,408.0,True,-910.2072,2224775.891999984,-1,2393
2021-10-10 21:30:29.936000,FTMUSDT,56386295,2.2318,58.0,False,129.44439999999997,2224905.336399984,1,2394
2021-10-10 21:30:30.010000,FTMUSDT,56386296,2.2318,737.0,False,1644.8366,2226550.172999984,1,2395
2021-10-10 21:30:30.018000,FTMUSDT,56386297,2.2318,637.0,False,1421.6565999999998,2227971.829599984,1,2396
2021-10-10 21:30:30.018000,FTMUSDT,56386298,2.2319,298.0,False,665.1062,2228636.935799984,1,2397
2021-10-10 21:30:30.204000,FTMUSDT,56386299,2.2318,127.0,False,283.43859999999995,2228920.374399984,1,2398
2021-10-10 21:30:30.926000,FTMUSDT,56386300,2.2311,30.0,True,-66.933,2228853.441399984,-1,2397
2021-10-10 21:30:31.023000,FTMUSDT,56386301,2.2311,51.0,True,-113.7861,2228739.6552999835,-1,2396
2021-10-10 21:30:31.070000,FTMUSDT,56386302,2.2311,63.0,True,-140.5593,2228599.095999984,-1,2395
2021-10-10 21:30:31.899000,FTMUSDT,56386303,2.2319,221.0,False,493.2499,2229092.345899984,1,2396
2021-10-10 21:30:31.910000,FTMUSDT,56386304,2.232,222.0,False,495.504,2229587.849899984,1,2397
2021-10-10 21:30:31.966000,FTMUSDT,56386305,2.2324,67.0,False,149.57080000000002,2229737.420699984,1,2398
2021-10-10 21:30:31.981000,FTMUSDT,56386306,2.2325,120.0,False,267.9,2230005.320699984,1,2399
2021-10-10 21:30:31.996000,FTMUSDT,56386307,2.2326,33.0,False,73.67580000000001,2230078.996499984,1,2400
2021-10-10 21:30:31.996000,FTMUSDT,56386308,2.2327,20.0,False,44.654,2230123.650499984,1,2401
2021-10-10 21:30:32.022000,FTMUSDT,56386309,2.2328,12.0,False,26.7936,2230150.444099984,1,2402
2021-10-10 21:30:32.070000,FTMUSDT,56386310,2.2329,639.0,False,1426.8230999999998,2231577.267199984,1,2403
2021-10-10 21:30:32.071000,FTMUSDT,56386311,2.2319,20.0,True,-44.638,2231532.629199984,-1,2402
2021-10-10 21:30:32.504000,FTMUSDT,56386312,2.2329,206.0,False,459.9774,2231992.606599984,1,2403
2021-10-10 21:30:32.700000,FTMUSDT,56386313,2.233,21.0,False,46.893,2232039.4995999844,1,2404
2021-10-10 21:30:32.798000,FTMUSDT,56386314,2.2321,960.0,True,-2142.816,2229896.6835999843,-1,2403
2021-10-10 21:30:32.798000,FTMUSDT,56386315,2.232,2175.0,True,-4854.6,2225042.083599984,-1,2402
2021-10-10 21:30:32.804000,FTMUSDT,56386316,2.2331,13.0,False,29.0303,2225071.1138999844,1,2403
2021-10-10 21:30:32.925000,FTMUSDT,56386317,2.2319,138.0,True,-308.0022,2224763.1116999844,-1,2402
2021-10-10 21:30:32.931000,FTMUSDT,56386318,2.2319,244.0,True,-544.5836,2224218.5280999844,-1,2401
2021-10-10 21:30:33.097000,FTMUSDT,56386319,2.2314,340.0,True,-758.6759999999999,2223459.8520999844,-1,2400
2021-10-10 21:30:33.577000,FTMUSDT,56386320,2.2319,24.0,True,-53.5656,2223406.286499985,-1,2399
2021-10-10 21:30:34.689000,FTMUSDT,56386321,2.2329,222.0,False,495.7038,2223901.9902999843,1,2400
2021-10-10 21:30:34.689000,FTMUSDT,56386322,2.2332,29.0,False,64.7628,2223966.7530999845,1,2401
2021-10-10 21:30:34.689000,FTMUSDT,56386323,2.2333,41.0,False,91.5653,2224058.3183999844,1,2402
2021-10-10 21:30:34.689000,FTMUSDT,56386324,2.2334,20.0,False,44.668,2224102.9863999845,1,2403
2021-10-10 21:30:34.689000,FTMUSDT,56386325,2.2335,57.0,False,127.3095,2224230.2958999844,1,2404
2021-10-10 21:30:34.689000,FTMUSDT,56386326,2.2336,61.0,False,136.24960000000002,2224366.5454999846,1,2405
2021-10-10 21:30:34.725000,FTMUSDT,56386327,2.2319,23.0,True,-51.3337,2224315.211799985,-1,2404
2021-10-10 21:30:36.956000,FTMUSDT,56386328,2.2328,897.0,True,-2002.8216,2222312.390199985,-1,2403
2021-10-10 21:30:37.112000,FTMUSDT,56386329,2.2321,171.0,True,-381.6891,2221930.701099985,-1,2402
2021-10-10 21:30:37.116000,FTMUSDT,56386330,2.2329,5.0,False,11.1645,2221941.865599985,1,2403
2021-10-10 21:30:37.883000,FTMUSDT,56386331,2.2329,3106.0,False,6935.3874,2228877.2529999847,1,2404
2021-10-10 21:30:37.883000,FTMUSDT,56386332,2.2331,427.0,False,953.5337,2229830.7866999847,1,2405
2021-10-10 21:30:37.883000,FTMUSDT,56386333,2.2335,90.0,False,201.015,2230031.801699985,1,2406
2021-10-10 21:30:38.020000,FTMUSDT,56386334,2.2335,207.0,False,462.33449999999993,2230494.1361999847,1,2407
2021-10-10 21:30:38.020000,FTMUSDT,56386335,2.2336,301.0,False,672.3136000000001,2231166.4497999847,1,2408
2021-10-10 21:30:38.020000,FTMUSDT,56386336,2.2337,279.0,False,623.2022999999999,2231789.6520999847,1,2409
2021-10-10 21:30:38.458000,FTMUSDT,56386337,2.2336,27.0,False,60.3072,2231849.959299985,1,2410
2021-10-10 21:30:38.706000,FTMUSDT,56386338,2.2328,2000.0,False,4465.6,2236315.559299985,1,2411
2021-10-10 21:30:40.405000,FTMUSDT,56386339,2.232,13.0,True,-29.016,2236286.543299985,-1,2410
2021-10-10 21:30:40.725000,FTMUSDT,56386340,2.2321,65.0,True,-145.0865,2236141.456799985,-1,2409
2021-10-10 21:30:40.792000,FTMUSDT,56386341,2.232,170.0,True,-379.44000000000005,2235762.016799985,-1,2408
2021-10-10 21:30:40.800000,FTMUSDT,56386342,2.232,128.0,True,-285.696,2235476.320799985,-1,2407
2021-10-10 21:30:40.864000,FTMUSDT,56386343,2.232,146.0,True,-325.872,2235150.448799985,-1,2406
2021-10-10 21:30:40.867000,FTMUSDT,56386344,2.232,24.0,True,-53.568000000000005,2235096.880799985,-1,2405
2021-10-10 21:30:40.885000,FTMUSDT,56386345,2.2319,120.0,True,-267.828,2234829.052799985,-1,2404
2021-10-10 21:30:40.891000,FTMUSDT,56386346,2.2318,72.0,True,-160.68959999999998,2234668.3631999847,-1,2403
2021-10-10 21:30:40.897000,FTMUSDT,56386347,2.2318,6.0,True,-13.3908,2234654.9723999845,-1,2402
2021-10-10 21:30:40.908000,FTMUSDT,56386348,2.2318,150.0,True,-334.77,2234320.2023999845,-1,2401
2021-10-10 21:30:40.914000,FTMUSDT,56386349,2.2318,82.0,True,-183.0076,2234137.1947999843,-1,2400
2021-10-10 21:30:41.002000,FTMUSDT,56386350,2.232,114.0,False,254.44800000000004,2234391.642799984,1,2401
2021-10-10 21:30:41.117000,FTMUSDT,56386351,2.232,846.0,False,1888.272,2236279.914799984,1,2402
2021-10-10 21:30:41.117000,FTMUSDT,56386352,2.2321,95.0,False,212.0495,2236491.9642999843,1,2403
2021-10-10 21:30:41.144000,FTMUSDT,56386353,2.2321,9.0,False,20.0889,2236512.053199984,1,2404
2021-10-10 21:30:41.792000,FTMUSDT,56386354,2.2318,16.0,True,-35.7088,2236476.344399984,-1,2403
2021-10-10 21:30:41.808000,FTMUSDT,56386355,2.2318,216.0,True,-482.0688,2235994.275599984,-1,2402
2021-10-10 21:30:41.808000,FTMUSDT,56386356,2.2318,800.0,True,-1785.4399999999998,2234208.835599984,-1,2401
2021-10-10 21:30:41.811000,FTMUSDT,56386357,2.2316,188.0,True,-419.5408,2233789.294799984,-1,2400
2021-10-10 21:30:41.840000,FTMUSDT,56386358,2.2317,204.0,True,-455.2668,2233334.027999984,-1,2399
2021-10-10 21:30:41.961000,FTMUSDT,56386359,2.232,287.0,False,640.5840000000001,2233974.611999984,1,2400
2021-10-10 21:30:41.984000,FTMUSDT,56386360,2.2318,5.0,False,11.159,2233985.770999984,1,2401
2021-10-10 21:30:42.241000,FTMUSDT,56386361,2.2316,10.0,True,-22.316,2233963.454999984,-1,2400
2021-10-10 21:30:42.810000,FTMUSDT,56386362,2.2316,230.0,True,-513.2679999999999,2233450.186999984,-1,2399
2021-10-10 21:30:42.810000,FTMUSDT,56386363,2.2316,187.0,True,-417.3092,2233032.877799984,-1,2398
2021-10-10 21:30:42.811000,FTMUSDT,56386364,2.2316,300.0,True,-669.4799999999999,2232363.397799984,-1,2397
2021-10-10 21:30:42.814000,FTMUSDT,56386365,2.2316,243.0,True,-542.2787999999999,2231821.118999984,-1,2396
2021-10-10 21:30:42.836000,FTMUSDT,56386366,2.2315,857.0,True,-1912.3955,2229908.7234999835,-1,2395
2021-10-10 21:30:42.838000,FTMUSDT,56386367,2.2315,184.0,True,-410.596,2229498.127499984,-1,2394
2021-10-10 21:30:42.844000,FTMUSDT,56386368,2.2318,55.0,False,122.749,2229620.8764999835,1,2395
2021-10-10 21:30:42.850000,FTMUSDT,56386369,2.2315,802.0,True,-1789.663,2227831.213499984,-1,2394
2021-10-10 21:30:42.851000,FTMUSDT,56386370,2.2315,277.0,True,-618.1255,2227213.087999983,-1,2393
2021-10-10 21:30:42.864000,FTMUSDT,56386371,2.2311,6.0,True,-13.3866,2227199.7013999834,-1,2392
2021-10-10 21:30:42.864000,FTMUSDT,56386372,2.2308,140.0,True,-312.312,2226887.3893999835,-1,2391
2021-10-10 21:30:43.823000,FTMUSDT,56386373,2.2317,222.0,False,495.4374,2227382.826799984,1,2392
2021-10-10 21:30:43.823000,FTMUSDT,56386374,2.2318,905.0,False,2019.779,2229402.605799984,1,2393
2021-10-10 21:30:43.823000,FTMUSDT,56386375,2.2319,1963.0,False,4381.2197,2233783.8254999835,1,2394
2021-10-10 21:30:43.832000,FTMUSDT,56386376,2.2319,926.0,False,2066.7394,2235850.564899984,1,2395
2021-10-10 21:30:43.862000,FTMUSDT,56386377,2.2312,146.0,True,-325.7552,2235524.809699984,-1,2394
2021-10-10 21:30:44.693000,FTMUSDT,56386378,2.232,21.0,False,46.87200000000001,2235571.681699984,1,2395
2021-10-10 21:30:44.727000,FTMUSDT,56386379,2.2314,25.0,True,-55.785,2235515.896699983,-1,2394
2021-10-10 21:30:46.303000,FTMUSDT,56386380,2.231,3584.0,False,7995.903999999999,2243511.800699984,1,2395
2021-10-10 21:30:46.814000,FTMUSDT,56386381,2.2314,48.0,True,-107.1072,2243404.693499984,-1,2394
2021-10-10 21:30:47.162000,FTMUSDT,56386382,2.2312,897.0,True,-2001.3864,2241403.307099983,-1,2393
2021-10-10 21:30:47.203000,FTMUSDT,56386383,2.231,7.0,True,-15.617,2241387.690099983,-1,2392
2021-10-10 21:30:48.482000,FTMUSDT,56386384,2.2302,9.0,True,-20.0718,2241367.618299983,-1,2391
2021-10-10 21:30:48.928000,FTMUSDT,56386385,2.2308,119.0,False,265.4652,2241633.083499983,1,2392
2021-10-10 21:30:49.075000,FTMUSDT,56386386,2.2307,358.0,False,798.5906,2242431.674099983,1,2393
2021-10-10 21:30:49.235000,FTMUSDT,56386387,2.2308,552.0,False,1231.4016,2243663.075699983,1,2394
2021-10-10 21:30:49.235000,FTMUSDT,56386388,2.2309,960.0,False,2141.664,2245804.739699983,1,2395
2021-10-10 21:30:49.235000,FTMUSDT,56386389,2.231,427.0,False,952.637,2246757.376699983,1,2396
2021-10-10 21:30:49.235000,FTMUSDT,56386390,2.2312,1284.0,False,2864.8608,2249622.237499983,1,2397
2021-10-10 21:30:49.235000,FTMUSDT,56386391,2.2319,6322.0,False,14110.0718,2263732.309299983,1,2398
2021-10-10 21:30:49.235000,FTMUSDT,56386392,2.2326,369.0,False,823.8294000000001,2264556.1386999832,1,2399
2021-10-10 21:30:49.235000,FTMUSDT,56386393,2.2327,2203.0,False,4918.6381,2269474.776799984,1,2400
2021-10-10 21:30:49.235000,FTMUSDT,56386394,2.2328,5797.0,False,12943.5416,2282418.3183999835,1,2401
2021-10-10 21:30:50.779000,FTMUSDT,56386395,2.2318,12.0,True,-26.7816,2282391.536799984,-1,2400
2021-10-10 21:30:51.195000,FTMUSDT,56386396,2.2327,9.0,False,20.0943,2282411.631099984,1,2401
2021-10-10 21:30:53.154000,FTMUSDT,56386397,2.2327,434.0,False,968.9918,2283380.6228999835,1,2402
2021-10-10 21:30:53.166000,FTMUSDT,56386398,2.2328,16.0,False,35.7248,2283416.3476999835,1,2403
2021-10-10 21:30:53.241000,FTMUSDT,56386399,2.2321,40.0,True,-89.28399999999999,2283327.0636999835,-1,2402
2021-10-10 21:30:53.251000,FTMUSDT,56386400,2.2328,339.0,False,756.9192,2284083.9828999834,1,2403
2021-10-10 21:30:53.596000,FTMUSDT,56386401,2.2328,4968.0,False,11092.5504,2295176.5332999835,1,2404
2021-10-10 21:30:53.639000,FTMUSDT,56386402,2.2338,22.0,False,49.1436,2295225.6768999835,1,2405
2021-10-10 21:30:53.658000,FTMUSDT,56386403,2.2337,18.0,False,40.2066,2295265.883499984,1,2406
2021-10-10 21:30:53.665000,FTMUSDT,56386404,2.2333,23.0,True,-51.3659,2295214.517599984,-1,2405
2021-10-10 21:30:53.707000,FTMUSDT,56386405,2.2333,37.0,True,-82.6321,2295131.885499984,-1,2404
2021-10-10 21:30:53.713000,FTMUSDT,56386406,2.2337,188.0,False,419.9356,2295551.8210999835,1,2405
2021-10-10 21:30:53.815000,FTMUSDT,56386407,2.2339,18.0,False,40.2102,2295592.031299984,1,2406
2021-10-10 21:30:53.878000,FTMUSDT,56386408,2.234,225.0,False,502.65,2296094.6812999835,1,2407
2021-10-10 21:30:53.965000,FTMUSDT,56386409,2.2339,8.0,True,-17.8712,2296076.810099984,-1,2406
2021-10-10 21:30:53.974000,FTMUSDT,56386410,2.2341,193.0,False,431.1813,2296507.9913999834,1,2407
2021-10-10 21:30:54.002000,FTMUSDT,56386411,2.2341,46.0,True,-102.7686,2296405.222799984,-1,2406
2021-10-10 21:30:54.059000,FTMUSDT,56386412,2.2341,12.0,True,-26.809200000000004,2296378.413599984,-1,2405
2021-10-10 21:30:54.110000,FTMUSDT,56386413,2.2341,10.0,True,-22.341,2296356.072599984,-1,2404
2021-10-10 21:30:54.112000,FTMUSDT,56386414,2.2342,48.0,False,107.2416,2296463.314199983,1,2405
2021-10-10 21:30:54.216000,FTMUSDT,56386415,2.2343,24.0,False,53.6232,2296516.937399983,1,2406
2021-10-10 21:30:54.315000,FTMUSDT,56386416,2.2344,23.0,False,51.3912,2296568.328599983,1,2407
2021-10-10 21:30:54.338000,FTMUSDT,56386417,2.2346,29.0,False,64.8034,2296633.131999983,1,2408
2021-10-10 21:30:54.338000,FTMUSDT,56386418,2.2349,10.0,False,22.349,2296655.480999983,1,2409
2021-10-10 21:30:54.338000,FTMUSDT,56386419,2.235,157.0,False,350.895,2297006.375999983,1,2410
2021-10-10 21:30:54.544000,FTMUSDT,56386420,2.2343,960.0,True,-2144.9280000000003,2294861.447999983,-1,2409
2021-10-10 21:30:54.544000,FTMUSDT,56386421,2.2339,159.0,True,-355.19010000000003,2294506.257899984,-1,2408
2021-10-10 21:30:54.722000,FTMUSDT,56386422,2.234,61.0,True,-136.274,2294369.983899983,-1,2407
2021-10-10 21:30:56.723000,FTMUSDT,56386423,2.2343,19.0,True,-42.4517,2294327.532199983,-1,2406
2021-10-10 21:30:56.853000,FTMUSDT,56386424,2.2349,57.0,False,127.3893,2294454.921499983,1,2407
2021-10-10 21:30:56.937000,FTMUSDT,56386425,2.2343,8.0,True,-17.8744,2294437.047099983,-1,2406
2021-10-10 21:30:57.064000,FTMUSDT,56386426,2.2348,206.0,True,-460.3688,2293976.678299983,-1,2405
2021-10-10 21:30:58.217000,FTMUSDT,56386427,2.2349,1263.0,False,2822.6787,2296799.356999983,1,2406
2021-10-10 21:30:58.217000,FTMUSDT,56386428,2.235,20739.0,False,46351.665,2343151.021999983,1,2407
2021-10-10 21:30:58.217000,FTMUSDT,56386429,2.2351,473.0,False,1057.2023000000002,2344208.224299983,1,2408
2021-10-10 21:30:58.217000,FTMUSDT,56386430,2.2352,12.0,False,26.8224,2344235.046699983,1,2409
2021-10-10 21:30:58.217000,FTMUSDT,56386431,2.2353,428.0,False,956.7084,2345191.755099983,1,2410
2021-10-10 21:30:58.217000,FTMUSDT,56386432,2.2354,132.0,False,295.0728,2345486.827899983,1,2411
2021-10-10 21:30:58.217000,FTMUSDT,56386433,2.2355,282.0,False,630.4110000000001,2346117.238899983,1,2412
2021-10-10 21:30:58.217000,FTMUSDT,56386434,2.2357,42.0,False,93.8994,2346211.138299983,1,2413
2021-10-10 21:30:58.217000,FTMUSDT,56386435,2.2358,11.0,False,24.5938,2346235.732099983,1,2414
2021-10-10 21:30:58.217000,FTMUSDT,56386436,2.2359,70.0,False,156.513,2346392.2450999827,1,2415
2021-10-10 21:30:58.217000,FTMUSDT,56386437,2.236,9.0,False,20.124,2346412.3690999825,1,2416
2021-10-10 21:30:58.217000,FTMUSDT,56386438,2.2361,43.0,False,96.1523,2346508.5213999827,1,2417
2021-10-10 21:30:58.217000,FTMUSDT,56386439,2.2362,7858.0,False,17572.0596,2364080.5809999825,1,2418
2021-10-10 21:30:58.217000,FTMUSDT,56386440,2.2363,32.0,False,71.5616,2364152.1425999827,1,2419
2021-10-10 21:30:58.217000,FTMUSDT,56386441,2.2365,273.0,False,610.5645,2364762.7070999825,1,2420
2021-10-10 21:30:58.217000,FTMUSDT,56386442,2.2366,794.0,False,1775.8604,2366538.5674999827,1,2421
2021-10-10 21:30:58.217000,FTMUSDT,56386443,2.2367,839.0,False,1876.5913,2368415.1587999826,1,2422
2021-10-10 21:30:58.217000,FTMUSDT,56386444,2.2368,140.0,False,313.15200000000004,2368728.3107999824,1,2423
2021-10-10 21:30:58.217000,FTMUSDT,56386445,2.2369,980.0,False,2192.162,2370920.4727999824,1,2424
2021-10-10 21:30:58.217000,FTMUSDT,56386446,2.237,739.0,False,1653.143,2372573.6157999826,1,2425
2021-10-10 21:30:58.226000,FTMUSDT,56386447,2.237,12600.0,True,-28186.2,2344387.4157999824,-1,2424
2021-10-10 21:30:58.226000,FTMUSDT,56386448,2.237,55.0,True,-123.035,2344264.380799982,-1,2423
2021-10-10 21:30:58.226000,FTMUSDT,56386449,2.237,1313.0,True,-2937.181,2341327.1997999824,-1,2422
2021-10-10 21:30:58.226000,FTMUSDT,56386450,2.237,12.0,True,-26.844,2341300.3557999823,-1,2421
2021-10-10 21:30:58.227000,FTMUSDT,56386451,2.237,10.0,True,-22.37,2341277.985799982,-1,2420
2021-10-10 21:30:58.229000,FTMUSDT,56386452,2.237,913.0,True,-2042.381,2339235.604799982,-1,2419
2021-10-10 21:30:58.229000,FTMUSDT,56386453,2.237,20.0,True,-44.74,2339190.864799982,-1,2418
2021-10-10 21:30:58.229000,FTMUSDT,56386454,2.237,110.0,True,-246.07,2338944.794799982,-1,2417
2021-10-10 21:30:58.231000,FTMUSDT,56386455,2.237,12.0,True,-26.844,2338917.950799982,-1,2416
2021-10-10 21:30:58.235000,FTMUSDT,56386456,2.237,1819.0,True,-4069.103,2334848.847799982,-1,2415
2021-10-10 21:30:58.236000,FTMUSDT,56386457,2.237,12.0,True,-26.844,2334822.003799982,-1,2414
2021-10-10 21:30:58.236000,FTMUSDT,56386458,2.237,5999.0,True,-13419.763,2321402.240799982,-1,2413
2021-10-10 21:30:58.237000,FTMUSDT,56386459,2.237,4224.0,True,-9449.088,2311953.152799982,-1,2412
2021-10-10 21:30:58.237000,FTMUSDT,56386460,2.237,55.0,True,-123.035,2311830.117799982,-1,2411
2021-10-10 21:30:58.237000,FTMUSDT,56386461,2.237,2914.0,True,-6518.618,2305311.499799982,-1,2410
2021-10-10 21:30:58.239000,FTMUSDT,56386462,2.237,14.0,True,-31.318,2305280.181799982,-1,2409
2021-10-10 21:30:58.240000,FTMUSDT,56386463,2.237,61.0,True,-136.457,2305143.7247999823,-1,2408
2021-10-10 21:30:58.242000,FTMUSDT,56386464,2.237,400.0,True,-894.8000000000001,2304248.9247999825,-1,2407
2021-10-10 21:30:58.252000,FTMUSDT,56386465,2.2371,340.0,False,760.6139999999999,2305009.5387999825,1,2408
2021-10-10 21:30:58.256000,FTMUSDT,56386466,2.237,30.0,True,-67.11,2304942.428799982,-1,2407
2021-10-10 21:30:58.280000,FTMUSDT,56386467,2.2371,150.0,False,335.565,2305277.9937999826,1,2408
2021-10-10 21:30:58.310000,FTMUSDT,56386468,2.237,21.0,True,-46.977,2305231.016799982,-1,2407
2021-10-10 21:30:58.312000,FTMUSDT,56386469,2.2371,30.0,False,67.113,2305298.1297999825,1,2408
2021-10-10 21:30:58.313000,FTMUSDT,56386470,2.2371,619.0,False,1384.7649,2306682.8946999824,1,2409
2021-10-10 21:30:58.317000,FTMUSDT,56386471,2.2372,60.0,False,134.232,2306817.126699982,1,2410
2021-10-10 21:30:58.317000,FTMUSDT,56386472,2.2373,537.0,False,1201.4300999999998,2308018.556799982,1,2411
2021-10-10 21:30:58.317000,FTMUSDT,56386473,2.2374,216.0,False,483.2784,2308501.8351999824,1,2412
2021-10-10 21:30:58.317000,FTMUSDT,56386474,2.2375,2008.0,False,4492.9,2312994.7351999823,1,2413
2021-10-10 21:30:58.317000,FTMUSDT,56386475,2.2376,30.0,False,67.128,2313061.8631999823,1,2414
2021-10-10 21:30:58.326000,FTMUSDT,56386476,2.2377,137.0,False,306.5649,2313368.4280999824,1,2415
2021-10-10 21:30:58.327000,FTMUSDT,56386477,2.2375,20.0,True,-44.75,2313323.6780999824,-1,2414
2021-10-10 21:30:58.327000,FTMUSDT,56386478,2.2373,34.0,True,-76.06819999999999,2313247.6098999823,-1,2413
2021-10-10 21:30:58.327000,FTMUSDT,56386479,2.2371,46.0,True,-102.9066,2313144.7032999825,-1,2412
2021-10-10 21:30:58.327000,FTMUSDT,56386480,2.237,350.0,True,-782.95,2312361.7532999823,-1,2411
2021-10-10 21:30:58.337000,FTMUSDT,56386481,2.2379,21.0,False,46.99589999999999,2312408.7491999823,1,2412
2021-10-10 21:30:58.337000,FTMUSDT,56386482,2.238,79.0,False,176.802,2312585.5511999824,1,2413
2021-10-10 21:30:58.361000,FTMUSDT,56386483,2.238,1209.0,False,2705.742,2315291.2931999825,1,2414
2021-10-10 21:30:58.364000,FTMUSDT,56386484,2.2378,20.0,True,-44.756,2315246.5371999824,-1,2413
2021-10-10 21:30:58.364000,FTMUSDT,56386485,2.2376,16.0,True,-35.8016,2315210.7355999826,-1,2412
2021-10-10 21:30:58.392000,FTMUSDT,56386486,2.2376,12.0,True,-26.8512,2315183.884399982,-1,2411
2021-10-10 21:30:58.392000,FTMUSDT,56386487,2.2374,36.0,True,-80.5464,2315103.3379999828,-1,2410
2021-10-10 21:30:58.392000,FTMUSDT,56386488,2.237,400.0,True,-894.8000000000001,2314208.537999983,-1,2409
2021-10-10 21:30:58.406000,FTMUSDT,56386489,2.237,8.0,True,-17.896,2314190.6419999828,-1,2408
2021-10-10 21:30:58.465000,FTMUSDT,56386490,2.2372,20.0,True,-44.744,2314145.897999983,-1,2407
2021-10-10 21:30:58.538000,FTMUSDT,56386491,2.2377,57.0,False,127.5489,2314273.446899982,1,2408
2021-10-10 21:30:58.716000,FTMUSDT,56386492,2.2377,960.0,False,2148.192,2316421.6388999824,1,2409
2021-10-10 21:30:58.819000,FTMUSDT,56386493,2.2376,1182.0,False,2644.8432000000003,2319066.4820999824,1,2410
2021-10-10 21:30:58.869000,FTMUSDT,56386494,2.2371,1341.0,True,-2999.9511,2316066.5309999823,-1,2409
2021-10-10 21:30:58.903000,FTMUSDT,56386495,2.237,3128.0,True,-6997.336,2309069.194999982,-1,2408
2021-10-10 21:30:58.909000,FTMUSDT,56386496,2.237,1117.0,True,-2498.7290000000003,2306570.4659999823,-1,2407
2021-10-10 21:30:58.916000,FTMUSDT,56386497,2.237,23.0,True,-51.451,2306519.0149999824,-1,2406
2021-10-10 21:30:59.107000,FTMUSDT,56386498,2.237,1787.0,True,-3997.519,2302521.4959999826,-1,2405
2021-10-10 21:30:59.121000,FTMUSDT,56386499,2.237,850.0,True,-1901.45,2300620.0459999824,-1,2404
2021-10-10 21:30:59.124000,FTMUSDT,56386500,2.237,350.0,True,-782.95,2299837.095999982,-1,2403
2021-10-10 21:30:59.318000,FTMUSDT,56386501,2.2372,960.0,False,2147.712,2301984.807999982,1,2404
2021-10-10 21:30:59.421000,FTMUSDT,56386502,2.2373,427.0,False,955.3271,2302940.135099982,1,2405
2021-10-10 21:30:59.496000,FTMUSDT,56386503,2.2371,1733.0,True,-3876.8943,2299063.240799982,-1,2404
2021-10-10 21:30:59.923000,FTMUSDT,56386504,2.2368,960.0,True,-2147.328,2296915.912799982,-1,2403
2021-10-10 21:30:59.923000,FTMUSDT,56386505,2.2367,31.0,True,-69.3377,2296846.575099982,-1,2402
2021-10-10 21:30:59.923000,FTMUSDT,56386506,2.2363,1.0,True,-2.2363,2296844.338799982,-1,2401
2021-10-10 21:31:00.101000,FTMUSDT,56386507,2.237,121.0,True,-270.677,2296573.6617999817,-1,2400
2021-10-10 21:31:00.110000,FTMUSDT,56386508,2.2366,30.0,True,-67.098,2296506.563799981,-1,2399
2021-10-10 21:31:00.148000,FTMUSDT,56386509,2.2366,89.0,True,-199.0574,2296307.5063999817,-1,2398
2021-10-10 21:31:00.196000,FTMUSDT,56386510,2.2371,56.0,False,125.2776,2296432.783999982,1,2399
2021-10-10 21:31:00.259000,FTMUSDT,56386511,2.2371,298.0,False,666.6558,2297099.4397999817,1,2400
2021-10-10 21:31:00.378000,FTMUSDT,56386512,2.2372,26.0,False,58.1672,2297157.6069999817,1,2401
2021-10-10 21:31:00.475000,FTMUSDT,56386513,2.2367,960.0,True,-2147.232,2295010.374999982,-1,2400
2021-10-10 21:31:00.475000,FTMUSDT,56386514,2.2366,157.0,True,-351.1462,2294659.228799982,-1,2399
2021-10-10 21:31:00.872000,FTMUSDT,56386515,2.2371,207.0,False,463.0797,2295122.308499982,1,2400
2021-10-10 21:31:00.872000,FTMUSDT,56386516,2.2372,17.0,False,38.0324,2295160.340899982,1,2401
2021-10-10 21:31:01.214000,FTMUSDT,56386517,2.2367,5.0,True,-11.1835,2295149.157399982,-1,2400
2021-10-10 21:31:01.488000,FTMUSDT,56386518,2.2371,222.0,False,496.6362,2295645.7935999823,1,2401
2021-10-10 21:31:01.523000,FTMUSDT,56386519,2.2372,178.0,False,398.2216,2296044.015199982,1,2402
2021-10-10 21:31:01.870000,FTMUSDT,56386520,2.2369,179.0,True,-400.4051,2295643.610099982,-1,2401
2021-10-10 21:31:02.256000,FTMUSDT,56386521,2.237,298.0,False,666.626,2296310.236099982,1,2402
2021-10-10 21:31:02.275000,FTMUSDT,56386522,2.237,1702.0,False,3807.374,2300117.610099982,1,2403
2021-10-10 21:31:02.727000,FTMUSDT,56386523,2.2369,144.0,True,-322.1136,2299795.496499982,-1,2402
2021-10-10 21:31:03.343000,FTMUSDT,56386524,2.2376,33.0,False,73.8408,2299869.337299982,1,2403
2021-10-10 21:31:04.403000,FTMUSDT,56386525,2.2374,59.0,False,132.0066,2300001.343899982,1,2404
2021-10-10 21:31:04.521000,FTMUSDT,56386526,2.2374,162.0,False,362.4588,2300363.802699982,1,2405
2021-10-10 21:31:04.723000,FTMUSDT,56386527,2.2373,32.0,True,-71.5936,2300292.2090999824,-1,2404
2021-10-10 21:31:04.788000,FTMUSDT,56386528,2.2373,1037.0,True,-2320.0801,2297972.1289999825,-1,2403
2021-10-10 21:31:04.788000,FTMUSDT,56386529,2.237,336.0,True,-751.6320000000001,2297220.4969999823,-1,2402
2021-10-10 21:31:04.788000,FTMUSDT,56386530,2.2369,627.0,True,-1402.5363,2295817.9606999825,-1,2401
2021-10-10 21:31:05.069000,FTMUSDT,56386531,2.2369,960.0,True,-2147.424,2293670.5366999824,-1,2400
2021-10-10 21:31:05.069000,FTMUSDT,56386532,2.2368,380.0,True,-849.984,2292820.552699982,-1,2399
2021-10-10 21:31:05.355000,FTMUSDT,56386533,2.2373,138.0,False,308.7474,2293129.3000999824,1,2400
2021-10-10 21:31:06.110000,FTMUSDT,56386534,2.2367,50.0,False,111.835,2293241.1350999824,1,2401
2021-10-10 21:31:06.122000,FTMUSDT,56386535,2.2367,470.0,False,1051.249,2294292.384099982,1,2402
2021-10-10 21:31:06.237000,FTMUSDT,56386536,2.2366,321.0,True,-717.9486,2293574.4354999824,-1,2401
2021-10-10 21:31:06.565000,FTMUSDT,56386537,2.2371,550.0,True,-1230.405,2292344.030499982,-1,2400
2021-10-10 21:31:06.933000,FTMUSDT,56386538,2.2372,960.0,False,2147.712,2294491.7424999825,1,2401
2021-10-10 21:31:06.933000,FTMUSDT,56386539,2.2373,427.0,False,955.3271,2295447.0695999824,1,2402
2021-10-10 21:31:06.933000,FTMUSDT,56386540,2.2374,222.0,False,496.7028,2295943.7723999824,1,2403
2021-10-10 21:31:06.959000,FTMUSDT,56386541,2.238,682.0,True,-1526.316,2294417.4563999823,-1,2402
2021-10-10 21:31:06.960000,FTMUSDT,56386542,2.238,1089.0,True,-2437.182,2291980.2743999823,-1,2401
2021-10-10 21:31:06.961000,FTMUSDT,56386543,2.238,413.0,True,-924.294,2291055.980399982,-1,2400
2021-10-10 21:31:06.964000,FTMUSDT,56386544,2.238,60.0,True,-134.28,2290921.7003999823,-1,2399
2021-10-10 21:31:06.972000,FTMUSDT,56386545,2.238,696.0,True,-1557.648,2289364.052399982,-1,2398
2021-10-10 21:31:07.014000,FTMUSDT,56386546,2.238,1219.0,True,-2728.122,2286635.9303999823,-1,2397
2021-10-10 21:31:07.416000,FTMUSDT,56386547,2.238,409.0,True,-915.342,2285720.588399982,-1,2396
2021-10-10 21:31:08.098000,FTMUSDT,56386548,2.238,235.0,True,-525.93,2285194.658399982,-1,2395
2021-10-10 21:31:08.104000,FTMUSDT,56386549,2.238,453.0,True,-1013.814,2284180.844399982,-1,2394
2021-10-10 21:31:08.107000,FTMUSDT,56386550,2.238,112.0,True,-250.656,2283930.188399982,-1,2393
2021-10-10 21:31:08.128000,FTMUSDT,56386551,2.238,1890.0,True,-4229.82,2279700.3683999823,-1,2392
2021-10-10 21:31:08.163000,FTMUSDT,56386552,2.238,65.0,True,-145.47,2279554.898399982,-1,2391
2021-10-10 21:31:08.176000,FTMUSDT,56386553,2.238,102.0,True,-228.276,2279326.622399982,-1,2390
2021-10-10 21:31:08.188000,FTMUSDT,56386554,2.238,173.0,True,-387.174,2278939.448399982,-1,2389
2021-10-10 21:31:08.198000,FTMUSDT,56386555,2.238,140.0,True,-313.32,2278626.128399982,-1,2388
2021-10-10 21:31:08.213000,FTMUSDT,56386556,2.238,313.0,True,-700.494,2277925.634399982,-1,2387
2021-10-10 21:31:08.223000,FTMUSDT,56386557,2.238,864.0,True,-1933.632,2275992.002399982,-1,2386
2021-10-10 21:31:08.226000,FTMUSDT,56386558,2.238,8036.0,True,-17984.568,2258007.434399982,-1,2385
2021-10-10 21:31:08.229000,FTMUSDT,56386559,2.2372,26.0,True,-58.1672,2257949.267199982,-1,2384
2021-10-10 21:31:08.229000,FTMUSDT,56386560,2.2371,24.0,True,-53.6904,2257895.5767999818,-1,2383
2021-10-10 21:31:08.244000,FTMUSDT,56386561,2.2372,159.0,True,-355.7148,2257539.8619999816,-1,2382
2021-10-10 21:31:08.244000,FTMUSDT,56386562,2.2371,131.0,True,-293.0601,2257246.8018999817,-1,2381
2021-10-10 21:31:08.272000,FTMUSDT,56386563,2.2371,363.0,True,-812.0672999999999,2256434.734599981,-1,2380
2021-10-10 21:31:08.272000,FTMUSDT,56386564,2.2363,52.0,True,-116.2876,2256318.446999981,-1,2379
2021-10-10 21:31:08.284000,FTMUSDT,56386565,2.2363,38.0,True,-84.9794,2256233.467599981,-1,2378
2021-10-10 21:31:08.955000,FTMUSDT,56386566,2.2375,269.0,False,601.8874999999999,2256835.3550999817,1,2379
2021-10-10 21:31:10.069000,FTMUSDT,56386567,2.2366,58.0,True,-129.7228,2256705.632299981,-1,2378
2021-10-10 21:31:10.724000,FTMUSDT,56386568,2.2366,22.0,True,-49.205200000000005,2256656.4270999813,-1,2377
2021-10-10 21:31:11.178000,FTMUSDT,56386569,2.2364,22.0,True,-49.2008,2256607.226299981,-1,2376
2021-10-10 21:31:12.555000,FTMUSDT,56386570,2.2371,379.0,False,847.8608999999999,2257455.0871999813,1,2377
2021-10-10 21:31:13.276000,FTMUSDT,56386571,2.2369,447.0,True,-999.8943,2256455.192899981,-1,2376
2021-10-10 21:31:13.624000,FTMUSDT,56386572,2.2368,15.0,False,33.552,2256488.7448999817,1,2377
2021-10-10 21:31:14.341000,FTMUSDT,56386573,2.2364,1403.0,False,3137.6692000000003,2259626.414099981,1,2378
2021-10-10 21:31:14.431000,FTMUSDT,56386574,2.2365,206.0,False,460.719,2260087.1330999816,1,2379
2021-10-10 21:31:14.632000,FTMUSDT,56386575,2.2365,8.0,True,-17.892,2260069.2410999816,-1,2378
2021-10-10 21:31:14.632000,FTMUSDT,56386576,2.2364,32.0,True,-71.5648,2259997.676299982,-1,2377
2021-10-10 21:31:14.641000,FTMUSDT,56386577,2.2364,14.0,True,-31.309600000000003,2259966.366699982,-1,2376
2021-10-10 21:31:15.349000,FTMUSDT,56386578,2.2364,165.0,True,-369.006,2259597.360699982,-1,2375
2021-10-10 21:31:15.781000,FTMUSDT,56386579,2.2364,264.0,True,-590.4096000000001,2259006.951099982,-1,2374
2021-10-10 21:31:15.825000,FTMUSDT,56386580,2.2365,293.0,False,655.2945,2259662.245599982,1,2375
2021-10-10 21:31:15.974000,FTMUSDT,56386581,2.2364,255.0,True,-570.282,2259091.9635999817,-1,2374
2021-10-10 21:31:16.540000,FTMUSDT,56386582,2.2365,163.0,False,364.5495,2259456.513099982,1,2375
2021-10-10 21:31:16.818000,FTMUSDT,56386583,2.2365,18.0,False,40.257,2259496.770099982,1,2376
2021-10-10 21:31:16.869000,FTMUSDT,56386584,2.2364,50.0,True,-111.82,2259384.9500999823,-1,2375
2021-10-10 21:31:18.660000,FTMUSDT,56386585,2.2364,223.0,True,-498.7172000000001,2258886.2328999825,-1,2374
2021-10-10 21:31:18.663000,FTMUSDT,56386586,2.2364,3463.0,True,-7744.653200000001,2251141.5796999824,-1,2373
2021-10-10 21:31:18.667000,FTMUSDT,56386587,2.2363,51.0,True,-114.0513,2251027.5283999825,-1,2372
2021-10-10 21:31:18.667000,FTMUSDT,56386588,2.2352,247.0,True,-552.0944,2250475.4339999827,-1,2371
2021-10-10 21:31:19.163000,FTMUSDT,56386589,2.2352,4958.0,True,-11082.1216,2239393.3123999825,-1,2370
2021-10-10 21:31:19.171000,FTMUSDT,56386590,2.2352,118.0,True,-263.7536,2239129.5587999825,-1,2369
2021-10-10 21:31:19.171000,FTMUSDT,56386591,2.2352,799.0,True,-1785.9247999999998,2237343.6339999824,-1,2368
2021-10-10 21:31:19.511000,FTMUSDT,56386592,2.235,60.0,True,-134.1,2237209.5339999823,-1,2367
2021-10-10 21:31:19.659000,FTMUSDT,56386593,2.2348,405.0,True,-905.094,2236304.4399999822,-1,2366
2021-10-10 21:31:19.860000,FTMUSDT,56386594,2.2348,194.0,True,-433.5512,2235870.888799982,-1,2365
2021-10-10 21:31:19.863000,FTMUSDT,56386595,2.2348,41.0,True,-91.6268,2235779.261999982,-1,2364
2021-10-10 21:31:19.881000,FTMUSDT,56386596,2.2348,51.0,True,-113.9748,2235665.287199982,-1,2363
2021-10-10 21:31:19.881000,FTMUSDT,56386597,2.2347,81.0,True,-181.0107,2235484.276499982,-1,2362
2021-10-10 21:31:19.881000,FTMUSDT,56386598,2.2343,86.0,True,-192.14980000000003,2235292.126699982,-1,2361
2021-10-10 21:31:20.764000,FTMUSDT,56386599,2.234,52.0,True,-116.168,2235175.958699982,-1,2360
2021-10-10 21:31:21.803000,FTMUSDT,56386600,2.2344,453.0,True,-1012.1832,2234163.7754999823,-1,2359
2021-10-10 21:31:21.803000,FTMUSDT,56386601,2.2344,507.0,True,-1132.8408,2233030.9346999824,-1,2358
2021-10-10 21:31:21.807000,FTMUSDT,56386602,2.2342,222.0,True,-495.9924,2232534.9422999825,-1,2357
2021-10-10 21:31:22.032000,FTMUSDT,56386603,2.2337,520.0,True,-1161.524,2231373.4182999823,-1,2356
2021-10-10 21:31:22.394000,FTMUSDT,56386604,2.2334,12.0,True,-26.8008,2231346.6174999825,-1,2355
2021-10-10 21:31:22.791000,FTMUSDT,56386605,2.2334,29.0,True,-64.7686,2231281.8488999824,-1,2354
2021-10-10 21:31:23.423000,FTMUSDT,56386606,2.2334,895.0,True,-1998.893,2229282.9558999822,-1,2353
2021-10-10 21:31:23.951000,FTMUSDT,56386607,2.2337,88.0,False,196.5656,2229479.521499982,1,2354
2021-10-10 21:31:24.328000,FTMUSDT,56386608,2.2334,8.0,True,-17.8672,2229461.654299982,-1,2353
2021-10-10 21:31:25.046000,FTMUSDT,56386609,2.2335,5.0,False,11.1675,2229472.821799982,1,2354
2021-10-10 21:31:25.331000,FTMUSDT,56386610,2.2334,1027.0,True,-2293.7018000000003,2227179.119999982,-1,2353
2021-10-10 21:31:25.331000,FTMUSDT,56386611,2.2332,41.0,True,-91.5612,2227087.558799982,-1,2352
2021-10-10 21:31:25.331000,FTMUSDT,56386612,2.2327,587.0,True,-1310.5949,2225776.963899982,-1,2351
2021-10-10 21:31:25.331000,FTMUSDT,56386613,2.2326,1507.0,True,-3364.5282,2222412.435699982,-1,2350
2021-10-10 21:31:25.402000,FTMUSDT,56386614,2.2335,42.0,False,93.807,2222506.242699982,1,2351
2021-10-10 21:31:25.411000,FTMUSDT,56386615,2.2335,443.0,False,989.4405,2223495.683199982,1,2352
2021-10-10 21:31:25.428000,FTMUSDT,56386616,2.2334,206.0,False,460.0804,2223955.763599982,1,2353
2021-10-10 21:31:25.428000,FTMUSDT,56386617,2.2335,269.0,False,600.8114999999999,2224556.575099982,1,2354
2021-10-10 21:31:25.441000,FTMUSDT,56386618,2.2335,269.0,False,600.8114999999999,2225157.3865999817,1,2355
2021-10-10 21:31:25.463000,FTMUSDT,56386619,2.2335,269.0,False,600.8114999999999,2225758.198099981,1,2356
2021-10-10 21:31:25.479000,FTMUSDT,56386620,2.2335,267.0,False,596.3444999999999,2226354.5425999817,1,2357
2021-10-10 21:31:25.479000,FTMUSDT,56386621,2.2336,222.0,False,495.8592,2226850.401799981,1,2358
2021-10-10 21:31:25.482000,FTMUSDT,56386622,2.2334,520.0,True,-1161.368,2225689.0337999817,-1,2357
2021-10-10 21:31:26.880000,FTMUSDT,56386623,2.2331,157.0,True,-350.5967,2225338.4370999816,-1,2356
2021-10-10 21:31:27.084000,FTMUSDT,56386624,2.2333,897.0,True,-2003.2701,2223335.1669999817,-1,2355
2021-10-10 21:31:27.225000,FTMUSDT,56386625,2.2334,58.0,False,129.5372,2223464.704199982,1,2356
2021-10-10 21:31:27.256000,FTMUSDT,56386626,2.2335,520.0,False,1161.4199999999998,2224626.124199982,1,2357
2021-10-10 21:31:27.266000,FTMUSDT,56386627,2.2336,443.0,False,989.4848,2225615.608999982,1,2358
2021-10-10 21:31:28.063000,FTMUSDT,56386628,2.2328,298.0,True,-665.3744,2224950.234599982,-1,2357
2021-10-10 21:31:28.260000,FTMUSDT,56386629,2.2336,9.0,False,20.1024,2224970.336999982,1,2358
2021-10-10 21:31:28.738000,FTMUSDT,56386630,2.2332,11.0,False,24.5652,2224994.902199982,1,2359
2021-10-10 21:31:29.234000,FTMUSDT,56386631,2.2331,119.0,False,265.7389,2225260.6410999824,1,2360
2021-10-10 21:31:30.445000,FTMUSDT,56386632,2.2327,137.0,False,305.8799,2225566.5209999825,1,2361
2021-10-10 21:31:30.723000,FTMUSDT,56386633,2.2323,5.0,True,-11.1615,2225555.3594999826,-1,2360
2021-10-10 21:31:31.376000,FTMUSDT,56386634,2.2327,50.0,False,111.635,2225666.9944999823,1,2361
2021-10-10 21:31:31.822000,FTMUSDT,56386635,2.2322,166.0,True,-370.5452,2225296.4492999823,-1,2360
2021-10-10 21:31:32.267000,FTMUSDT,56386636,2.2326,100.0,False,223.26,2225519.709299982,1,2361
2021-10-10 21:31:32.268000,FTMUSDT,56386637,2.2326,50.0,False,111.63,2225631.339299982,1,2362
2021-10-10 21:31:32.366000,FTMUSDT,56386638,2.2326,72.0,False,160.74720000000002,2225792.086499982,1,2363
2021-10-10 21:31:32.373000,FTMUSDT,56386639,2.2327,100.0,False,223.27,2226015.356499982,1,2364
2021-10-10 21:31:32.381000,FTMUSDT,56386640,2.2327,56.0,False,125.0312,2226140.387699982,1,2365
2021-10-10 21:31:32.484000,FTMUSDT,56386641,2.2328,221.0,False,493.4488,2226633.836499982,1,2366
2021-10-10 21:31:33.797000,FTMUSDT,56386642,2.2331,5.0,True,-11.1655,2226622.670999982,-1,2365
2021-10-10 21:31:33.797000,FTMUSDT,56386643,2.2329,221.0,True,-493.4709,2226129.200099982,-1,2364
2021-10-10 21:31:33.800000,FTMUSDT,56386644,2.2328,230.0,True,-513.544,2225615.6560999816,-1,2363
2021-10-10 21:31:34.771000,FTMUSDT,56386645,2.2326,4.0,True,-8.9304,2225606.7256999817,-1,2362
2021-10-10 21:31:35.114000,FTMUSDT,56386646,2.2334,100.0,False,223.34,2225830.065699981,1,2363
2021-10-10 21:31:35.323000,FTMUSDT,56386647,2.2334,73.0,False,163.03820000000002,2225993.1038999814,1,2364
2021-10-10 21:31:35.362000,FTMUSDT,56386648,2.2333,221.0,False,493.5593,2226486.663199981,1,2365
2021-10-10 21:31:35.496000,FTMUSDT,56386649,2.2334,100.0,False,223.34,2226710.003199981,1,2366
2021-10-10 21:31:35.501000,FTMUSDT,56386650,2.2334,155.0,False,346.177,2227056.180199981,1,2367
2021-10-10 21:31:35.554000,FTMUSDT,56386651,2.2339,207.0,False,462.41730000000007,2227518.597499981,1,2368
2021-10-10 21:31:35.563000,FTMUSDT,56386652,2.234,49.0,False,109.466,2227628.063499981,1,2369
2021-10-10 21:31:35.595000,FTMUSDT,56386653,2.2337,204.0,True,-455.6748,2227172.388699981,-1,2368
2021-10-10 21:31:36.068000,FTMUSDT,56386654,2.2338,520.0,True,-1161.576,2226010.812699981,-1,2367
2021-10-10 21:31:36.068000,FTMUSDT,56386655,2.2337,418.0,True,-933.6866,2225077.126099981,-1,2366
2021-10-10 21:31:36.068000,FTMUSDT,56386656,2.2335,960.0,True,-2144.16,2222932.9660999808,-1,2365
2021-10-10 21:31:36.068000,FTMUSDT,56386657,2.2334,544.0,True,-1214.9696,2221717.996499981,-1,2364
2021-10-10 21:31:36.068000,FTMUSDT,56386658,2.2333,8.0,True,-17.8664,2221700.1300999806,-1,2363
2021-10-10 21:31:36.068000,FTMUSDT,56386659,2.2331,582.0,True,-1299.6642,2220400.4658999806,-1,2362
2021-10-10 21:31:36.068000,FTMUSDT,56386660,2.233,1644.0,True,-3671.052,2216729.4138999805,-1,2361
2021-10-10 21:31:36.068000,FTMUSDT,56386661,2.2329,44.0,True,-98.2476,2216631.1662999806,-1,2360
2021-10-10 21:31:36.076000,FTMUSDT,56386662,2.2328,715.0,False,1596.452,2218227.6182999806,1,2361
2021-10-10 21:31:36.077000,FTMUSDT,56386663,2.2328,1079.0,False,2409.1912,2220636.8094999804,1,2362
2021-10-10 21:31:36.554000,FTMUSDT,56386664,2.2333,169.0,True,-377.4277,2220259.3817999805,-1,2361
2021-10-10 21:31:36.557000,FTMUSDT,56386665,2.2333,453.0,True,-1011.6849,2219247.6968999803,-1,2360
2021-10-10 21:31:36.590000,FTMUSDT,56386666,2.2333,772.0,True,-1724.1075999999998,2217523.58929998,-1,2359
2021-10-10 21:31:36.598000,FTMUSDT,56386667,2.2333,150.0,True,-334.995,2217188.59429998,-1,2358
2021-10-10 21:31:36.774000,FTMUSDT,56386668,2.2332,100.0,False,223.32,2217411.91429998,1,2359
2021-10-10 21:31:37.467000,FTMUSDT,56386669,2.2333,520.0,False,1161.3159999999998,2218573.23029998,1,2360
2021-10-10 21:31:37.538000,FTMUSDT,56386670,2.2336,23.0,False,51.3728,2218624.60309998,1,2361
2021-10-10 21:31:38.735000,FTMUSDT,56386671,2.2339,99.0,False,221.1561,2218845.75919998,1,2362
2021-10-10 21:31:38.952000,FTMUSDT,56386672,2.2339,7.0,False,15.637300000000002,2218861.39649998,1,2363
2021-10-10 21:31:39.530000,FTMUSDT,56386673,2.2339,116.0,False,259.1324,2219120.52889998,1,2364
2021-10-10 21:31:42.948000,FTMUSDT,56386674,2.2344,222.0,False,496.0368,2219616.56569998,1,2365
2021-10-10 21:31:42.975000,FTMUSDT,56386675,2.2349,1387.0,False,3099.8063,2222716.3719999795,1,2366
2021-10-10 21:31:42.985000,FTMUSDT,56386676,2.235,24.0,False,53.64,2222770.01199998,1,2367
2021-10-10 21:31:42.990000,FTMUSDT,56386677,2.235,24.0,False,53.64,2222823.65199998,1,2368
2021-10-10 21:31:43.078000,FTMUSDT,56386678,2.2352,65.0,False,145.28799999999998,2222968.93999998,1,2369
2021-10-10 21:31:43.091000,FTMUSDT,56386679,2.2352,600.0,False,1341.12,2224310.05999998,1,2370
2021-10-10 21:31:43.117000,FTMUSDT,56386680,2.2352,231.0,False,516.3312,2224826.39119998,1,2371
2021-10-10 21:31:43.118000,FTMUSDT,56386681,2.2352,350.0,False,782.3199999999999,2225608.71119998,1,2372
2021-10-10 21:31:43.119000,FTMUSDT,56386682,2.2352,250.0,False,558.8,2226167.51119998,1,2373
2021-10-10 21:31:43.236000,FTMUSDT,56386683,2.2357,960.0,False,2146.272,2228313.7831999795,1,2374
2021-10-10 21:31:43.338000,FTMUSDT,56386684,2.2358,202.0,False,451.63159999999993,2228765.4147999794,1,2375
2021-10-10 21:31:43.768000,FTMUSDT,56386685,2.2361,273.0,True,-610.4553,2228154.9594999794,-1,2374
2021-10-10 21:31:43.778000,FTMUSDT,56386686,2.2362,960.0,False,2146.7520000000004,2230301.71149998,1,2375
2021-10-10 21:31:46.036000,FTMUSDT,56386687,2.2359,222.0,False,496.3698,2230798.0812999792,1,2376
2021-10-10 21:31:46.716000,FTMUSDT,56386688,2.235,15.0,True,-33.525,2230764.55629998,-1,2375
2021-10-10 21:31:47.801000,FTMUSDT,56386689,2.2352,152.0,True,-339.7504,2230424.8058999795,-1,2374
2021-10-10 21:31:47.821000,FTMUSDT,56386690,2.2352,808.0,True,-1806.0416,2228618.7642999794,-1,2373
2021-10-10 21:31:47.821000,FTMUSDT,56386691,2.2346,7.0,True,-15.6422,2228603.12209998,-1,2372
2021-10-10 21:31:47.828000,FTMUSDT,56386692,2.2346,278.0,True,-621.2188,2227981.9032999794,-1,2371
2021-10-10 21:31:47.829000,FTMUSDT,56386693,2.2345,1524.0,True,-3405.378,2224576.5252999794,-1,2370
2021-10-10 21:31:47.830000,FTMUSDT,56386694,2.2353,808.0,True,-1806.1224,2222770.402899979,-1,2369
2021-10-10 21:31:47.833000,FTMUSDT,56386695,2.2353,152.0,True,-339.7656,2222430.637299979,-1,2368
2021-10-10 21:31:47.939000,FTMUSDT,56386696,2.2345,1480.0,True,-3307.0600000000004,2219123.577299979,-1,2367
2021-10-10 21:31:47.961000,FTMUSDT,56386697,2.2342,162.0,True,-361.9404,2218761.636899979,-1,2366
2021-10-10 21:31:47.968000,FTMUSDT,56386698,2.2342,520.0,True,-1161.784,2217599.852899979,-1,2365
2021-10-10 21:31:47.974000,FTMUSDT,56386699,2.2342,209.0,True,-466.9478,2217132.9050999787,-1,2364
2021-10-10 21:31:47.983000,FTMUSDT,56386700,2.2342,69.0,True,-154.1598,2216978.745299978,-1,2363
2021-10-10 21:31:48.315000,FTMUSDT,56386701,2.2341,10.0,True,-22.341,2216956.4042999786,-1,2362
2021-10-10 21:31:48.398000,FTMUSDT,56386702,2.2341,35.0,True,-78.1935,2216878.2107999786,-1,2361
2021-10-10 21:31:48.398000,FTMUSDT,56386703,2.2339,348.0,True,-777.3972000000001,2216100.8135999786,-1,2360
2021-10-10 21:31:48.474000,FTMUSDT,56386704,2.2339,105.0,True,-234.5595,2215866.2540999786,-1,2359
2021-10-10 21:31:48.496000,FTMUSDT,56386705,2.2339,16.0,False,35.7424,2215901.9964999785,1,2360
2021-10-10 21:31:48.496000,FTMUSDT,56386706,2.234,187.0,False,417.758,2216319.7544999784,1,2361
2021-10-10 21:31:48.666000,FTMUSDT,56386707,2.2339,206.0,False,460.18340000000006,2216779.9378999784,1,2362
2021-10-10 21:31:48.666000,FTMUSDT,56386708,2.234,773.0,False,1726.882,2218506.8198999786,1,2363
2021-10-10 21:31:48.666000,FTMUSDT,56386709,2.2341,741.0,False,1655.4681,2220162.2879999788,1,2364
2021-10-10 21:31:48.666000,FTMUSDT,56386710,2.2342,1182.0,False,2640.8244,2222803.1123999786,1,2365
2021-10-10 21:31:48.666000,FTMUSDT,56386711,2.235,2358.0,False,5270.13,2228073.2423999785,1,2366
2021-10-10 21:31:50.729000,FTMUSDT,56386712,2.2347,6.0,True,-13.4082,2228059.8341999785,-1,2365
2021-10-10 21:31:51.414000,FTMUSDT,56386713,2.2349,68.0,True,-151.97320000000002,2227907.8609999786,-1,2364
2021-10-10 21:31:54.044000,FTMUSDT,56386714,2.2352,1220.0,False,2726.944,2230634.8049999787,1,2365
2021-10-10 21:31:54.044000,FTMUSDT,56386715,2.2353,427.0,False,954.4731,2231589.278099979,1,2366
2021-10-10 21:31:54.044000,FTMUSDT,56386716,2.236,26.0,False,58.136,2231647.4140999787,1,2367
2021-10-10 21:31:54.044000,FTMUSDT,56386717,2.2361,1790.0,False,4002.619,2235650.0330999787,1,2368
2021-10-10 21:31:54.044000,FTMUSDT,56386718,2.2362,227.0,False,507.6174,2236157.6504999786,1,2369
2021-10-10 21:31:54.670000,FTMUSDT,56386719,2.235,6.0,False,13.41,2236171.0604999787,1,2370
2021-10-10 21:31:57.594000,FTMUSDT,56386720,2.235,1230.0,True,-2749.05,2233422.010499979,-1,2369
2021-10-10 21:31:57.607000,FTMUSDT,56386721,2.2347,167.0,True,-373.1949,2233048.815599979,-1,2368
2021-10-10 21:31:57.662000,FTMUSDT,56386722,2.2343,208.0,True,-464.7344000000001,2232584.081199979,-1,2367
2021-10-10 21:31:57.665000,FTMUSDT,56386723,2.234,17.0,True,-37.978,2232546.103199979,-1,2366
2021-10-10 21:31:57.665000,FTMUSDT,56386724,2.2339,260.0,True,-580.8140000000001,2231965.289199979,-1,2365
2021-10-10 21:31:57.715000,FTMUSDT,56386725,2.2337,135.0,True,-301.5495,2231663.739699979,-1,2364
2021-10-10 21:31:57.724000,FTMUSDT,56386726,2.2333,55.0,True,-122.8315,2231540.908199979,-1,2363
2021-10-10 21:31:59.552000,FTMUSDT,56386727,2.234,222.0,False,495.948,2232036.856199979,1,2364
2021-10-10 21:31:59.671000,FTMUSDT,56386728,2.234,750.0,True,-1675.5,2230361.356199979,-1,2363
2021-10-10 21:31:59.680000,FTMUSDT,56386729,2.234,68.0,True,-151.912,2230209.444199979,-1,2362
2021-10-10 21:32:00.290000,FTMUSDT,56386730,2.234,49.0,False,109.466,2230318.910199979,1,2363
2021-10-10 21:32:00.725000,FTMUSDT,56386731,2.2335,6.0,True,-13.401,2230305.509199979,-1,2362
2021-10-10 21:32:00.783000,FTMUSDT,56386732,2.234,471.0,False,1052.214,2231357.723199979,1,2363
2021-10-10 21:32:00.785000,FTMUSDT,56386733,2.2341,222.0,False,495.9702,2231853.693399979,1,2364
2021-10-10 21:32:01.126000,FTMUSDT,56386734,2.2343,127.0,True,-283.7561,2231569.937299979,-1,2363
2021-10-10 21:32:03.293000,FTMUSDT,56386735,2.234,1146.0,True,-2560.164,2229009.773299979,-1,2362
2021-10-10 21:32:03.293000,FTMUSDT,56386736,2.2339,257.0,True,-574.1123,2228435.660999979,-1,2361
2021-10-10 21:32:05.530000,FTMUSDT,56386737,2.2339,121.0,False,270.30190000000005,2228705.9628999787,1,2362
2021-10-10 21:32:05.577000,FTMUSDT,56386738,2.2341,222.0,False,495.9702,2229201.9330999786,1,2363
2021-10-10 21:32:07.675000,FTMUSDT,56386739,2.2336,960.0,True,-2144.256,2227057.6770999786,-1,2362
2021-10-10 21:32:08.733000,FTMUSDT,56386740,2.2338,134.0,False,299.3292,2227357.0062999786,1,2363
2021-10-10 21:32:09.138000,FTMUSDT,56386741,2.2338,69.0,False,154.1322,2227511.1384999785,1,2364
2021-10-10 21:32:10.146000,FTMUSDT,56386742,2.2335,372.0,True,-830.862,2226680.2764999783,-1,2363
2021-10-10 21:32:10.451000,FTMUSDT,56386743,2.2337,10.0,False,22.337,2226702.613499978,1,2364
2021-10-10 21:32:10.919000,FTMUSDT,56386744,2.2336,23.0,False,51.3728,2226753.986299978,1,2365
2021-10-10 21:32:11.704000,FTMUSDT,56386745,2.2336,90.0,False,201.024,2226955.0102999783,1,2366
2021-10-10 21:32:11.713000,FTMUSDT,56386746,2.2336,93.0,False,207.7248,2227162.7350999783,1,2367
2021-10-10 21:32:11.920000,FTMUSDT,56386747,2.2336,57.0,True,-127.3152,2227035.419899978,-1,2366
2021-10-10 21:32:11.962000,FTMUSDT,56386748,2.2336,175.0,True,-390.88,2226644.5398999783,-1,2365
2021-10-10 21:32:11.965000,FTMUSDT,56386749,2.2336,233.0,True,-520.4288,2226124.1110999784,-1,2364
2021-10-10 21:32:12.002000,FTMUSDT,56386750,2.2336,175.0,True,-390.88,2225733.2310999786,-1,2363
2021-10-10 21:32:12.109000,FTMUSDT,56386751,2.2336,1320.0,True,-2948.352,2222784.8790999786,-1,2362
2021-10-10 21:32:12.228000,FTMUSDT,56386752,2.2336,15.0,False,33.504,2222818.383099979,1,2363
2021-10-10 21:32:12.853000,FTMUSDT,56386753,2.2331,671.0,True,-1498.4100999999998,2221319.972999979,-1,2362
2021-10-10 21:32:12.998000,FTMUSDT,56386754,2.233,960.0,False,2143.6800000000003,2223463.652999979,1,2363
2021-10-10 21:32:14.083000,FTMUSDT,56386755,2.2325,309.0,True,-689.8425,2222773.810499979,-1,2362
2021-10-10 21:32:15.881000,FTMUSDT,56386756,2.2321,1480.0,True,-3303.508,2219470.30249998,-1,2361
2021-10-10 21:32:15.890000,FTMUSDT,56386757,2.232,47.0,True,-104.904,2219365.398499979,-1,2360
2021-10-10 21:32:15.895000,FTMUSDT,56386758,2.232,47.0,True,-104.904,2219260.494499979,-1,2359
2021-10-10 21:32:16.955000,FTMUSDT,56386759,2.232,85.0,False,189.72000000000003,2219450.21449998,1,2360
2021-10-10 21:32:17.029000,FTMUSDT,56386760,2.232,342.0,False,763.344,2220213.55849998,1,2361
2021-10-10 21:32:17.209000,FTMUSDT,56386761,2.2323,100.0,True,-223.23,2219990.32849998,-1,2360
2021-10-10 21:32:17.903000,FTMUSDT,56386762,2.2323,797.0,True,-1779.1431,2218211.18539998,-1,2359
2021-10-10 21:32:17.947000,FTMUSDT,56386763,2.2327,65.0,False,145.1255,2218356.3108999794,1,2360
2021-10-10 21:32:19.352000,FTMUSDT,56386764,2.2323,96.0,False,214.3008,2218570.61169998,1,2361
2021-10-10 21:32:21.324000,FTMUSDT,56386765,2.2319,70.0,True,-156.233,2218414.37869998,-1,2360
2021-10-10 21:32:21.324000,FTMUSDT,56386766,2.2314,596.0,True,-1329.9144,2217084.464299979,-1,2359
2021-10-10 21:32:21.324000,FTMUSDT,56386767,2.2313,1679.0,True,-3746.3527,2213338.111599979,-1,2358
2021-10-10 21:32:21.324000,FTMUSDT,56386768,2.2311,1752.0,True,-3908.8872,2209429.2243999788,-1,2357
2021-10-10 21:32:21.324000,FTMUSDT,56386769,2.231,2815.0,True,-6280.264999999999,2203148.9593999786,-1,2356
2021-10-10 21:32:25.940000,FTMUSDT,56386770,2.231,33.0,True,-73.62299999999999,2203075.3363999785,-1,2355
2021-10-10 21:32:27.463000,FTMUSDT,56386771,2.2313,52.0,False,116.0276,2203191.363999978,1,2356
2021-10-10 21:32:28.557000,FTMUSDT,56386772,2.2312,100.0,True,-223.12,2202968.2439999785,-1,2355
2021-10-10 21:32:28.869000,FTMUSDT,56386773,2.2312,706.0,True,-1575.2271999999998,2201393.0167999784,-1,2354
2021-10-10 21:32:29.437000,FTMUSDT,56386774,2.2312,76.0,True,-169.57119999999998,2201223.4455999783,-1,2353
2021-10-10 21:32:30.352000,FTMUSDT,56386775,2.2313,375.0,False,836.7375000000001,2202060.183099978,1,2354
2021-10-10 21:32:30.470000,FTMUSDT,56386776,2.232,520.0,False,1160.64,2203220.8230999783,1,2355
2021-10-10 21:32:31.727000,FTMUSDT,56386777,2.2312,975.0,True,-2175.42,2201045.4030999783,-1,2354
2021-10-10 21:32:31.727000,FTMUSDT,56386778,2.2311,152.0,True,-339.1272,2200706.2758999784,-1,2353
2021-10-10 21:32:31.953000,FTMUSDT,56386779,2.2316,200.0,False,446.32,2201152.595899978,1,2354
2021-10-10 21:32:35.071000,FTMUSDT,56386780,2.231,204.0,True,-455.124,2200697.4718999784,-1,2353
2021-10-10 21:32:35.081000,FTMUSDT,56386781,2.231,47.0,True,-104.857,2200592.6148999785,-1,2352
2021-10-10 21:32:35.081000,FTMUSDT,56386782,2.2306,30.0,True,-66.91799999999999,2200525.6968999784,-1,2351
2021-10-10 21:32:35.081000,FTMUSDT,56386783,2.2305,195.0,True,-434.9475000000001,2200090.7493999787,-1,2350
2021-10-10 21:32:35.301000,FTMUSDT,56386784,2.231,100.0,False,223.1,2200313.8493999788,1,2351
2021-10-10 21:32:36.319000,FTMUSDT,56386785,2.2304,340.0,True,-758.336,2199555.513399978,-1,2350
2021-10-10 21:32:36.324000,FTMUSDT,56386786,2.2304,453.0,True,-1010.3712,2198545.1421999787,-1,2349
2021-10-10 21:32:36.357000,FTMUSDT,56386787,2.2304,99.0,True,-220.8096,2198324.332599979,-1,2348
2021-10-10 21:32:36.366000,FTMUSDT,56386788,2.2304,2241.0,True,-4998.3264,2193326.0061999788,-1,2347
2021-10-10 21:32:36.371000,FTMUSDT,56386789,2.2304,241.0,True,-537.5264,2192788.479799979,-1,2346
2021-10-10 21:32:36.373000,FTMUSDT,56386790,2.2304,6269.0,True,-13982.3776,2178806.102199979,-1,2345
2021-10-10 21:32:36.402000,FTMUSDT,56386791,2.23,340.0,True,-758.2,2178047.902199979,-1,2344
2021-10-10 21:32:36.421000,FTMUSDT,56386792,2.23,247.0,True,-550.81,2177497.092199979,-1,2343
2021-10-10 21:32:36.536000,FTMUSDT,56386793,2.2306,6.0,False,13.3836,2177510.4757999787,1,2344
2021-10-10 21:32:38.077000,FTMUSDT,56386794,2.2309,850.0,True,-1896.265,2175614.2107999786,-1,2343
2021-10-10 21:32:38.210000,FTMUSDT,56386795,2.2309,47.0,True,-104.8523,2175509.3584999787,-1,2342
2021-10-10 21:32:38.309000,FTMUSDT,56386796,2.231,678.0,False,1512.618,2177021.9764999785,1,2343
2021-10-10 21:32:38.739000,FTMUSDT,56386797,2.2309,9.0,False,20.0781,2177042.0545999785,1,2344
2021-10-10 21:32:38.786000,FTMUSDT,56386798,2.2309,198.0,False,441.7182,2177483.7727999785,1,2345
2021-10-10 21:32:39.737000,FTMUSDT,56386799,2.2309,14.0,False,31.2326,2177515.0053999787,1,2346
2021-10-10 21:32:39.811000,FTMUSDT,56386800,2.2312,47.0,True,-104.8664,2177410.1389999785,-1,2345
2021-10-10 21:32:39.869000,FTMUSDT,56386801,2.2312,303.0,True,-676.0536,2176734.0853999783,-1,2344
2021-10-10 21:32:40.296000,FTMUSDT,56386802,2.2312,453.0,True,-1010.7336,2175723.3517999784,-1,2343
2021-10-10 21:32:40.296000,FTMUSDT,56386803,2.2304,10.0,True,-22.304,2175701.0477999784,-1,2342
2021-10-10 21:32:40.296000,FTMUSDT,56386804,2.2303,8.0,True,-17.8424,2175683.2053999784,-1,2341
2021-10-10 21:32:42.513000,FTMUSDT,56386805,2.2308,64.0,False,142.7712,2175825.9765999783,1,2342
2021-10-10 21:32:44.730000,FTMUSDT,56386806,2.2309,174.0,True,-388.1766,2175437.7999999784,-1,2341
2021-10-10 21:32:44.730000,FTMUSDT,56386807,2.2303,210.0,True,-468.36300000000006,2174969.4369999785,-1,2340
2021-10-10 21:32:45.349000,FTMUSDT,56386808,2.2302,419.0,True,-934.4538,2174034.9831999787,-1,2339
2021-10-10 21:32:45.754000,FTMUSDT,56386809,2.231,14.0,False,31.234,2174066.217199979,1,2340
2021-10-10 21:32:45.949000,FTMUSDT,56386810,2.2304,520.0,True,-1159.808,2172906.4091999787,-1,2339
2021-10-10 21:32:45.953000,FTMUSDT,56386811,2.2303,400.0,True,-892.1200000000001,2172014.2891999786,-1,2338
2021-10-10 21:32:45.954000,FTMUSDT,56386812,2.2303,400.0,True,-892.1200000000001,2171122.1691999785,-1,2337
2021-10-10 21:32:45.956000,FTMUSDT,56386813,2.23,400.0,True,-892.0,2170230.1691999785,-1,2336
2021-10-10 21:32:45.958000,FTMUSDT,56386814,2.23,715.0,True,-1594.45,2168635.7191999783,-1,2335
2021-10-10 21:32:45.963000,FTMUSDT,56386815,2.23,32.0,True,-71.36,2168564.3591999784,-1,2334
2021-10-10 21:32:45.965000,FTMUSDT,56386816,2.23,500.0,True,-1115.0,2167449.3591999784,-1,2333
2021-10-10 21:32:46.709000,FTMUSDT,56386817,2.2305,7.0,False,15.613500000000002,2167464.9726999784,1,2334
2021-10-10 21:32:46.734000,FTMUSDT,56386818,2.2305,33.0,False,73.60650000000001,2167538.5791999786,1,2335
2021-10-10 21:32:46.768000,FTMUSDT,56386819,2.23,100.0,True,-223.0,2167315.5791999786,-1,2334
2021-10-10 21:32:49.633000,FTMUSDT,56386820,2.2306,11.0,False,24.5366,2167340.115799979,1,2335
2021-10-10 21:32:51.315000,FTMUSDT,56386821,2.2306,210.0,False,468.426,2167808.541799979,1,2336
2021-10-10 21:32:52.307000,FTMUSDT,56386822,2.2311,184.0,False,410.5224,2168219.064199979,1,2337
2021-10-10 21:32:52.307000,FTMUSDT,56386823,2.2312,520.0,False,1160.224,2169379.288199979,1,2338
2021-10-10 21:32:52.307000,FTMUSDT,56386824,2.2313,182.0,False,406.0966,2169785.3847999787,1,2339
2021-10-10 21:32:52.307000,FTMUSDT,56386825,2.2314,413.0,False,921.5682,2170706.952999979,1,2340
2021-10-10 21:32:52.307000,FTMUSDT,56386826,2.2315,163.0,False,363.7345,2171070.6874999786,1,2341
2021-10-10 21:32:52.307000,FTMUSDT,56386827,2.2316,442.0,False,986.3672,2172057.054699979,1,2342
2021-10-10 21:32:52.307000,FTMUSDT,56386828,2.232,333.0,False,743.2560000000001,2172800.310699979,1,2343
2021-10-10 21:32:52.307000,FTMUSDT,56386829,2.2321,442.0,False,986.5882,2173786.898899979,1,2344
2021-10-10 21:32:52.307000,FTMUSDT,56386830,2.2323,449.0,False,1002.3027,2174789.201599979,1,2345
2021-10-10 21:32:52.307000,FTMUSDT,56386831,2.2324,263.0,False,587.1212,2175376.322799979,1,2346
2021-10-10 21:32:52.562000,FTMUSDT,56386832,2.2322,9.0,False,20.0898,2175396.412599979,1,2347
2021-10-10 21:32:53.705000,FTMUSDT,56386833,2.2309,10.0,True,-22.309,2175374.103599979,-1,2346
2021-10-10 21:32:53.705000,FTMUSDT,56386834,2.2308,126.0,True,-281.0808,2175093.022799979,-1,2345
2021-10-10 21:32:55.480000,FTMUSDT,56386835,2.2316,8.0,False,17.8528,2175110.875599979,1,2346
2021-10-10 21:32:56.170000,FTMUSDT,56386836,2.2308,1480.0,False,3301.584,2178412.4595999788,1,2347
2021-10-10 21:32:57.410000,FTMUSDT,56386837,2.2307,157.0,False,350.2199,2178762.6794999787,1,2348
2021-10-10 21:32:57.971000,FTMUSDT,56386838,2.2306,947.0,False,2112.3782,2180875.057699979,1,2349
2021-10-10 21:32:58.206000,FTMUSDT,56386839,2.2305,111.0,True,-247.5855,2180627.472199979,-1,2348
2021-10-10 21:32:58.350000,FTMUSDT,56386840,2.2305,419.0,True,-934.5795,2179692.892699979,-1,2347
2021-10-10 21:32:58.400000,FTMUSDT,56386841,2.2312,19.0,False,42.3928,2179735.285499979,1,2348
2021-10-10 21:33:02.884000,FTMUSDT,56386842,2.2306,427.0,False,952.4662,2180687.751699979,1,2349
2021-10-10 21:33:02.941000,FTMUSDT,56386843,2.2317,8.0,False,17.8536,2180705.605299979,1,2350
2021-10-10 21:33:03.664000,FTMUSDT,56386844,2.2319,50.0,False,111.595,2180817.200299979,1,2351
2021-10-10 21:33:03.962000,FTMUSDT,56386845,2.2318,368.0,True,-821.3023999999999,2179995.89789998,-1,2350
2021-10-10 21:33:04.652000,FTMUSDT,56386846,2.2315,14.0,False,31.241,2180027.138899979,1,2351
2021-10-10 21:33:05.228000,FTMUSDT,56386847,2.2314,98.0,True,-218.6772,2179808.4616999794,-1,2350
2021-10-10 21:33:06.346000,FTMUSDT,56386848,2.232,960.0,False,2142.7200000000003,2181951.18169998,1,2351
2021-10-10 21:33:06.769000,FTMUSDT,56386849,2.2322,692.0,False,1544.6824,2183495.8640999794,1,2352
2021-10-10 21:33:06.773000,FTMUSDT,56386850,2.2322,790.0,False,1763.438,2185259.3020999795,1,2353
2021-10-10 21:33:06.776000,FTMUSDT,56386851,2.2329,1700.0,False,3795.93,2189055.23209998,1,2354
2021-10-10 21:33:06.784000,FTMUSDT,56386852,2.233,386.0,False,861.938,2189917.17009998,1,2355
2021-10-10 21:33:07.581000,FTMUSDT,56386853,2.2335,20.0,False,44.67,2189961.84009998,1,2356
2021-10-10 21:33:08.041000,FTMUSDT,56386854,2.2335,10.0,False,22.335,2189984.17509998,1,2357
2021-10-10 21:33:08.807000,FTMUSDT,56386855,2.2335,13.0,False,29.0355,2190013.21059998,1,2358
2021-10-10 21:33:09.040000,FTMUSDT,56386856,2.2326,35.0,True,-78.141,2189935.06959998,-1,2357
2021-10-10 21:33:10.106000,FTMUSDT,56386857,2.2339,38.0,False,84.88820000000001,2190019.95779998,1,2358
2021-10-10 21:33:10.547000,FTMUSDT,56386858,2.2328,95.0,True,-212.116,2189807.84179998,-1,2357
2021-10-10 21:33:11.266000,FTMUSDT,56386859,2.2327,8.0,True,-17.8616,2189789.98019998,-1,2356
2021-10-10 21:33:12.734000,FTMUSDT,56386860,2.2326,7.0,True,-15.6282,2189774.35199998,-1,2355
2021-10-10 21:33:13.521000,FTMUSDT,56386861,2.2325,230.0,True,-513.475,2189260.87699998,-1,2354
2021-10-10 21:33:13.546000,FTMUSDT,56386862,2.2325,307.0,True,-685.3774999999999,2188575.49949998,-1,2353
2021-10-10 21:33:13.559000,FTMUSDT,56386863,2.2322,146.0,True,-325.9012,2188249.59829998,-1,2352
2021-10-10 21:33:13.571000,FTMUSDT,56386864,2.2319,5.0,True,-11.1595,2188238.43879998,-1,2351
2021-10-10 21:33:13.571000,FTMUSDT,56386865,2.2318,79.0,True,-176.3122,2188062.12659998,-1,2350
2021-10-10 21:33:13.589000,FTMUSDT,56386866,2.2315,307.0,True,-685.0705,2187377.05609998,-1,2349
2021-10-10 21:33:13.669000,FTMUSDT,56386867,2.2315,162.0,True,-361.503,2187015.55309998,-1,2348
2021-10-10 21:33:13.696000,FTMUSDT,56386868,2.2312,194.0,True,-432.8528,2186582.70029998,-1,2347
2021-10-10 21:33:14.572000,FTMUSDT,56386869,2.2315,229.0,False,511.0135,2187093.7137999795,1,2348
2021-10-10 21:33:15.103000,FTMUSDT,56386870,2.2313,200.0,False,446.26,2187539.97379998,1,2349
2021-10-10 21:33:15.353000,FTMUSDT,56386871,2.2313,6.0,False,13.3878,2187553.3615999795,1,2350
2021-10-10 21:33:15.353000,FTMUSDT,56386872,2.232,520.0,False,1160.64,2188714.00159998,1,2351
2021-10-10 21:33:15.353000,FTMUSDT,56386873,2.2325,435.0,False,971.1375,2189685.13909998,1,2352
2021-10-10 21:33:15.353000,FTMUSDT,56386874,2.2326,95.0,False,212.097,2189897.23609998,1,2353
2021-10-10 21:33:15.727000,FTMUSDT,56386875,2.2314,467.0,True,-1042.0638,2188855.17229998,-1,2352
2021-10-10 21:33:16.836000,FTMUSDT,56386876,2.2314,1480.0,True,-3302.472,2185552.70029998,-1,2351
2021-10-10 21:33:16.836000,FTMUSDT,56386877,2.2311,2308.0,True,-5149.3788,2180403.32149998,-1,2350
2021-10-10 21:33:16.836000,FTMUSDT,56386878,2.2309,1476.0,True,-3292.8084000000003,2177110.51309998,-1,2349
2021-10-10 21:33:17.917000,FTMUSDT,56386879,2.2314,221.0,False,493.1394,2177603.65249998,1,2350
2021-10-10 21:33:17.917000,FTMUSDT,56386880,2.2315,960.0,False,2142.24,2179745.89249998,1,2351
2021-10-10 21:33:17.917000,FTMUSDT,56386881,2.2316,520.0,False,1160.4319999999998,2180906.32449998,1,2352
2021-10-10 21:33:17.917000,FTMUSDT,56386882,2.2317,960.0,False,2142.432,2183048.75649998,1,2353
2021-10-10 21:33:17.917000,FTMUSDT,56386883,2.2318,206.0,False,459.7508,2183508.50729998,1,2354
2021-10-10 21:33:17.917000,FTMUSDT,56386884,2.2327,618.0,False,1379.8085999999998,2184888.3158999803,1,2355
2021-10-10 21:33:17.917000,FTMUSDT,56386885,2.2328,1757.0,False,3923.0296,2188811.3454999803,1,2356
2021-10-10 21:33:17.926000,FTMUSDT,56386886,2.2328,240.0,True,-535.8720000000001,2188275.4734999803,-1,2355
2021-10-10 21:33:17.928000,FTMUSDT,56386887,2.231,13.0,True,-29.003,2188246.4704999803,-1,2354
2021-10-10 21:33:17.929000,FTMUSDT,56386888,2.231,18.0,True,-40.158,2188206.3124999804,-1,2353
2021-10-10 21:33:17.935000,FTMUSDT,56386889,2.231,12.0,True,-26.772,2188179.540499981,-1,2352
2021-10-10 21:33:17.937000,FTMUSDT,56386890,2.2311,400.0,True,-892.44,2187287.1004999806,-1,2351
2021-10-10 21:33:20.327000,FTMUSDT,56386891,2.2316,255.0,True,-569.058,2186718.0424999804,-1,2350
2021-10-10 21:33:20.359000,FTMUSDT,56386892,2.2314,11.0,False,24.5454,2186742.5878999806,1,2351
2021-10-10 21:33:21.578000,FTMUSDT,56386893,2.2309,312.0,True,-696.0408,2186046.5470999805,-1,2350
2021-10-10 21:33:21.578000,FTMUSDT,56386894,2.2309,1795.0,True,-4004.4655,2182042.0815999806,-1,2349
2021-10-10 21:33:21.578000,FTMUSDT,56386895,2.2309,740.0,True,-1650.866,2180391.2155999807,-1,2348
2021-10-10 21:33:21.579000,FTMUSDT,56386896,2.2309,340.0,True,-758.5060000000001,2179632.7095999806,-1,2347
2021-10-10 21:33:21.580000,FTMUSDT,56386897,2.2309,157.0,True,-350.2513,2179282.4582999805,-1,2346
2021-10-10 21:33:21.580000,FTMUSDT,56386898,2.2309,50.0,True,-111.545,2179170.9132999806,-1,2345
2021-10-10 21:33:21.581000,FTMUSDT,56386899,2.2309,100.0,True,-223.09,2178947.8232999807,-1,2344
2021-10-10 21:33:21.581000,FTMUSDT,56386900,2.2309,600.0,True,-1338.54,2177609.2832999807,-1,2343
2021-10-10 21:33:21.581000,FTMUSDT,56386901,2.2309,3406.0,True,-7598.4454,2170010.8378999806,-1,2342
2021-10-10 21:33:21.581000,FTMUSDT,56386902,2.2309,350.0,True,-780.815,2169230.0228999807,-1,2341
2021-10-10 21:33:21.581000,FTMUSDT,56386903,2.2309,250.0,True,-557.725,2168672.297899981,-1,2340
2021-10-10 21:33:21.582000,FTMUSDT,56386904,2.2309,1344.0,True,-2998.3296,2165673.9682999807,-1,2339
2021-10-10 21:33:21.582000,FTMUSDT,56386905,2.2309,885.0,True,-1974.3465,2163699.6217999808,-1,2338
2021-10-10 21:33:21.582000,FTMUSDT,56386906,2.2309,650.0,True,-1450.085,2162249.536799981,-1,2337
2021-10-10 21:33:21.582000,FTMUSDT,56386907,2.2309,250.0,True,-557.725,2161691.8117999807,-1,2336
2021-10-10 21:33:21.582000,FTMUSDT,56386908,2.2309,297.0,True,-662.5773,2161029.2344999807,-1,2335
2021-10-10 21:33:21.582000,FTMUSDT,56386909,2.2309,500.0,True,-1115.45,2159913.7844999805,-1,2334
2021-10-10 21:33:21.583000,FTMUSDT,56386910,2.2309,1702.0,True,-3796.9918,2156116.7926999805,-1,2333
2021-10-10 21:33:21.583000,FTMUSDT,56386911,2.2309,3250.0,True,-7250.425,2148866.3676999807,-1,2332
2021-10-10 21:33:21.583000,FTMUSDT,56386912,2.2309,150.0,True,-334.635,2148531.732699981,-1,2331
2021-10-10 21:33:21.583000,FTMUSDT,56386913,2.2309,300.0,True,-669.27,2147862.462699981,-1,2330
2021-10-10 21:33:21.583000,FTMUSDT,56386914,2.2309,150.0,True,-334.635,2147527.827699981,-1,2329
2021-10-10 21:33:21.583000,FTMUSDT,56386915,2.2309,50.0,True,-111.545,2147416.282699981,-1,2328
2021-10-10 21:33:21.583000,FTMUSDT,56386916,2.2309,200.0,True,-446.18,2146970.102699981,-1,2327
2021-10-10 21:33:21.583000,FTMUSDT,56386917,2.2309,168.0,True,-374.7912,2146595.311499981,-1,2326
2021-10-10 21:33:21.584000,FTMUSDT,56386918,2.2309,50.0,True,-111.545,2146483.7664999813,-1,2325
2021-10-10 21:33:21.584000,FTMUSDT,56386919,2.2309,150.0,True,-334.635,2146149.131499981,-1,2324
2021-10-10 21:33:21.585000,FTMUSDT,56386920,2.2309,50.0,True,-111.545,2146037.5864999816,-1,2323
2021-10-10 21:33:21.585000,FTMUSDT,56386921,2.2309,100.0,True,-223.09,2145814.4964999817,-1,2322
2021-10-10 21:33:21.585000,FTMUSDT,56386922,2.2309,479.0,True,-1068.6011,2144745.8953999816,-1,2321
2021-10-10 21:33:21.586000,FTMUSDT,56386923,2.2307,550.0,True,-1226.885,2143519.010399982,-1,2320
2021-10-10 21:33:21.586000,FTMUSDT,56386924,2.2305,616.0,True,-1373.988,2142145.022399982,-1,2319
2021-10-10 21:33:21.586000,FTMUSDT,56386925,2.2303,470.0,True,-1048.241,2141096.781399982,-1,2318
2021-10-10 21:33:21.586000,FTMUSDT,56386926,2.2302,22.0,True,-49.0644,2141047.716999982,-1,2317
2021-10-10 21:33:21.586000,FTMUSDT,56386927,2.2301,1061.0,True,-2366.1361,2138681.5808999822,-1,2316
2021-10-10 21:33:21.586000,FTMUSDT,56386928,2.2301,1043.0,True,-2325.9943000000003,2136355.5865999823,-1,2315
2021-10-10 21:33:21.592000,FTMUSDT,56386929,2.2301,335.0,True,-747.0835000000001,2135608.503099982,-1,2314
2021-10-10 21:33:21.593000,FTMUSDT,56386930,2.2301,537.0,True,-1197.5637000000002,2134410.9393999823,-1,2313
2021-10-10 21:33:21.593000,FTMUSDT,56386931,2.2301,359.0,True,-800.6059,2133610.3334999825,-1,2312
2021-10-10 21:33:21.594000,FTMUSDT,56386932,2.2301,830.0,True,-1850.983,2131759.3504999825,-1,2311
2021-10-10 21:33:21.594000,FTMUSDT,56386933,2.23,201.0,True,-448.23,2131311.1204999825,-1,2310
2021-10-10 21:33:21.594000,FTMUSDT,56386934,2.23,400.0,True,-892.0,2130419.1204999825,-1,2309
2021-10-10 21:33:21.594000,FTMUSDT,56386935,2.23,453.0,True,-1010.19,2129408.9304999826,-1,2308
2021-10-10 21:33:21.594000,FTMUSDT,56386936,2.23,359.0,True,-800.57,2128608.3604999827,-1,2307
2021-10-10 21:33:21.594000,FTMUSDT,56386937,2.23,36.0,True,-80.28,2128528.080499983,-1,2306
2021-10-10 21:33:21.595000,FTMUSDT,56386938,2.23,1754.0,True,-3911.42,2124616.660499983,-1,2305
2021-10-10 21:33:21.595000,FTMUSDT,56386939,2.2297,800.0,True,-1783.7599999999998,2122832.900499983,-1,2304
2021-10-10 21:33:21.595000,FTMUSDT,56386940,2.2296,486.0,True,-1083.5856,2121749.314899984,-1,2303
2021-10-10 21:33:21.595000,FTMUSDT,56386941,2.2296,3315.0,True,-7391.124,2114358.1908999835,-1,2302
2021-10-10 21:33:21.596000,FTMUSDT,56386942,2.2296,400.0,True,-891.84,2113466.350899984,-1,2301
2021-10-10 21:33:21.597000,FTMUSDT,56386943,2.2304,546.0,True,-1217.7984,2112248.5524999835,-1,2300
2021-10-10 21:33:21.597000,FTMUSDT,56386944,2.2296,2494.0,True,-5560.6224,2106687.9300999832,-1,2299
2021-10-10 21:33:21.598000,FTMUSDT,56386945,2.2296,400.0,True,-891.84,2105796.0900999834,-1,2298
2021-10-10 21:33:21.599000,FTMUSDT,56386946,2.2297,340.0,True,-758.098,2105037.992099983,-1,2297
2021-10-10 21:33:21.599000,FTMUSDT,56386947,2.2297,400.0,True,-891.8799999999999,2104146.112099984,-1,2296
2021-10-10 21:33:21.599000,FTMUSDT,56386948,2.2297,400.0,True,-891.8799999999999,2103254.2320999834,-1,2295
2021-10-10 21:33:21.600000,FTMUSDT,56386949,2.2297,400.0,True,-891.8799999999999,2102362.3520999835,-1,2294
2021-10-10 21:33:21.604000,FTMUSDT,56386950,2.2302,551.0,True,-1228.8402,2101133.5118999835,-1,2293
2021-10-10 21:33:21.604000,FTMUSDT,56386951,2.2297,702.0,True,-1565.2494,2099568.2624999834,-1,2292
2021-10-10 21:33:21.604000,FTMUSDT,56386952,2.2296,1755.0,True,-3912.948,2095655.314499984,-1,2291
2021-10-10 21:33:21.604000,FTMUSDT,56386953,2.2296,91.0,True,-202.8936,2095452.4208999835,-1,2290
2021-10-10 21:33:21.604000,FTMUSDT,56386954,2.2295,309.0,True,-688.9155,2094763.505399984,-1,2289
2021-10-10 21:33:21.607000,FTMUSDT,56386955,2.2295,200.0,True,-445.9,2094317.605399984,-1,2288
2021-10-10 21:33:21.607000,FTMUSDT,56386956,2.2295,400.0,True,-891.8,2093425.805399984,-1,2287
2021-10-10 21:33:21.609000,FTMUSDT,56386957,2.2295,2412.0,True,-5377.553999999999,2088048.251399984,-1,2286
2021-10-10 21:33:21.609000,FTMUSDT,56386958,2.2297,207.0,True,-461.5479,2087586.7034999835,-1,2285
2021-10-10 21:33:21.609000,FTMUSDT,56386959,2.2297,579.0,True,-1290.9962999999998,2086295.7071999835,-1,2284
2021-10-10 21:33:21.610000,FTMUSDT,56386960,2.2292,400.0,True,-891.6800000000001,2085404.027199984,-1,2283
2021-10-10 21:33:21.618000,FTMUSDT,56386961,2.2295,383.0,True,-853.8984999999999,2084550.128699984,-1,2282
2021-10-10 21:33:21.619000,FTMUSDT,56386962,2.2295,178.0,True,-396.851,2084153.277699984,-1,2281
2021-10-10 21:33:21.619000,FTMUSDT,56386963,2.2292,185.0,True,-412.402,2083740.875699984,-1,2280
2021-10-10 21:33:21.623000,FTMUSDT,56386964,2.2292,891.0,True,-1986.2172,2081754.658499984,-1,2279
2021-10-10 21:33:21.624000,FTMUSDT,56386965,2.2292,2206.0,True,-4917.6152,2076837.043299984,-1,2278
2021-10-10 21:33:21.625000,FTMUSDT,56386966,2.2292,421.0,True,-938.4932,2075898.550099984,-1,2277
2021-10-10 21:33:21.626000,FTMUSDT,56386967,2.2292,400.0,True,-891.6800000000001,2075006.870099984,-1,2276
2021-10-10 21:33:21.627000,FTMUSDT,56386968,2.2292,481.0,True,-1072.2452,2073934.624899984,-1,2275
2021-10-10 21:33:21.627000,FTMUSDT,56386969,2.2292,2031.0,True,-4527.5052000000005,2069407.119699984,-1,2274
2021-10-10 21:33:21.627000,FTMUSDT,56386970,2.2292,1790.0,True,-3990.268,2065416.851699984,-1,2273
2021-10-10 21:33:21.630000,FTMUSDT,56386971,2.2293,572.0,True,-1275.1596,2064141.692099984,-1,2272
2021-10-10 21:33:21.630000,FTMUSDT,56386972,2.229,593.0,True,-1321.797,2062819.895099984,-1,2271
2021-10-10 21:33:21.630000,FTMUSDT,56386973,2.2287,716.0,True,-1595.7492,2061224.145899984,-1,2270
2021-10-10 21:33:21.630000,FTMUSDT,56386974,2.2286,118.0,True,-262.9748,2060961.171099984,-1,2269
2021-10-10 21:33:21.631000,FTMUSDT,56386975,2.2286,544.0,True,-1212.3584,2059748.812699984,-1,2268
2021-10-10 21:33:21.648000,FTMUSDT,56386976,2.2292,448.0,True,-998.6816,2058750.131099984,-1,2267
2021-10-10 21:33:21.648000,FTMUSDT,56386977,2.229,1087.0,True,-2422.923,2056327.208099984,-1,2266
2021-10-10 21:33:21.648000,FTMUSDT,56386978,2.229,154.0,True,-343.266,2055983.942099984,-1,2265
2021-10-10 21:33:21.650000,FTMUSDT,56386979,2.2293,500.0,False,1114.65,2057098.592099984,1,2266
2021-10-10 21:33:21.654000,FTMUSDT,56386980,2.2292,577.0,True,-1286.2484,2055812.343699984,-1,2265
2021-10-10 21:33:21.654000,FTMUSDT,56386981,2.229,448.0,True,-998.592,2054813.751699984,-1,2264
2021-10-10 21:33:21.654000,FTMUSDT,56386982,2.2286,23.0,True,-51.2578,2054762.493899984,-1,2263
2021-10-10 21:33:21.654000,FTMUSDT,56386983,2.2285,9.0,True,-20.0565,2054742.437399984,-1,2262
2021-10-10 21:33:21.654000,FTMUSDT,56386984,2.2284,525.0,True,-1169.91,2053572.527399984,-1,2261
2021-10-10 21:33:21.667000,FTMUSDT,56386985,2.2286,257.0,True,-572.7502000000001,2052999.7771999843,-1,2260
2021-10-10 21:33:21.669000,FTMUSDT,56386986,2.229,204.0,True,-454.716,2052545.0611999845,-1,2259
2021-10-10 21:33:21.670000,FTMUSDT,56386987,2.2292,916.0,False,2041.9472,2054587.0083999843,1,2260
